2118 2784
982 150 1019 182 11

864 236 934 279 τῇδε
955 234 1081 277 &isses
1102 235 1282 277 κριθήσεται

582 292 635 323 εἴτ’
649 291 708 322 ἔστ’
723 291 766 322 ἔτι
788 289 845 328 ζωὸς
866 292 920 323 εἴτ’
933 289 1072 323 ἀπόλωλ’
1084 290 1261 333 Εὐριπίδης,

226 348 277 380 ubi
302 347 341 380 de
363 347 431 379 sola
453 351 553 379 morte
575 348 677 389 agitur
699 347 755 380 sed
777 347 822 379 ita
844 353 878 380 ut
899 359 954 390 per
972 348 1127 380 contraria
1148 349 1321 390 compositu
1343 348 1536 390 significetur
1558 359 1664 379 unum.
1706 347 1768 380 Sed

225 404 257 434 in
273 403 424 445 Euripide
439 414 531 435 nemo
547 403 768 444 Aristophanis
785 414 904 435 memor
917 404 984 444 fuit,
1005 415 1067 435 non
1089 405 1189 444 magis
1208 415 1301 445 quam
1320 405 1353 436 in
1371 404 1582 445 Aristophane
1598 403 1767 445 Euripidis.

226 459 334 501 Neque
349 459 494 491 novimus
508 459 708 502 interpretem
724 459 777 502 qni
794 459 870 492 haec
885 459 946 492 duo
961 459 1105 502 exempla
1118 460 1200 491 inter
1215 471 1248 491 se
1263 460 1355 502 plane
1370 460 1504 502 gemella
1521 459 1560 491 nd
1581 459 1770 491 declaranda

225 515 378 558 quaedem
401 516 516 548 similia
538 516 736 548 arcessiverit
758 527 836 558 quae
859 521 992 556 exstant,
1020 527 1100 558 quae
1127 517 1311 558 interpretes
1338 517 1388 548 hic
1414 517 1480 549 illic
1506 517 1684 557 tetigerunt,
1713 517 1768 548 sed

225 578 259 604 ut
281 572 461 616 plerumque
485 582 541 603 nec
564 572 710 603 afferrent
732 572 837 604 omnia
859 583 916 604 nec
942 583 1047 604 eorum
1073 572 1135 603 vim
1158 577 1190 603 et
1211 573 1430 614 proprietatem
1451 577 1536 604 recte
1555 573 1769 604 aestimarent.

225 627 306 660 Sunt
327 632 430 660 eutem
446 628 532 668 haec,
548 639 628 670 quae
643 628 735 660 nobis
750 633 824 660 ncta
839 630 915 660 sint:
933 628 1066 670 Lysistr.
1082 628 1144 661 128
1160 628 1289 669 ποιήσετ’
1304 630 1321 670 ἢ
1337 627 1374 661 οὗ
1388 628 1534 670 τωιήσετ“,·
1554 629 1571 670 ἢ
1587 632 1615 661 τί
1627 630 1768 670 μέλλετε;

225 684 377 726 Aeschyli
399 684 430 716 in
452 682 577 726 Septem
603 683 665 716 184
687 683 818 725 ἤκουσας
836 685 855 726 ἢ
870 682 924 716 οὔκ
940 683 1079 725 ἤκουσας,
1099 684 1118 725 ἢ
1135 685 1223 729 κωφῇ
1241 685 1334 723 λέγως
1357 695 1436 726 quae
1455 685 1546 727 plene
1569 685 1646 716 illud
1669 696 1768 726 genus

225 739 358 782 duplicis
381 741 633 782 interrogationis
656 751 730 783 prae
752 752 786 772 se
805 741 909 773 ferunt
929 740 1010 783 quod
1027 740 1174 780 dieimus3
1197 752 1269 772 nam
1284 739 1418 782 ποιήσει’
1433 742 1450 782 ἢ
1465 739 1502 773 οὗ
1517 741 1666 783 ποιήσειε,
1681 740 1768 782 ἥκου-

224 806 281 833 σας
303 797 321 837 ἢ
342 795 399 828 οὒκ
420 796 550 836 ἤκουσας
572 807 633 828 non
657 796 747 828 aliter
768 797 914 838 iugantur
933 807 1026 839 quam
1046 799 1155 829 πέπων
1174 797 1192 838 ἢ
1208 796 1251 838 μὴ
1271 799 1391 834 πέπων,
1411 799 1524 829 θανεῖν
1545 798 1564 838 ἢ
1584 797 1626 839 μὴ
1641 800 1767 833 θανετν,

224 858 256 884 et
278 852 329 884 hic
351 858 383 884 et
398 852 462 884 illic
478 852 594 894 duplici
610 853 843 893 interrogationi
860 863 938 894 quae
954 857 1002 884 est
1017 863 1072 894 pro
1088 864 1150 884 une
1164 853 1331 894 apponitur
1345 853 1477 884 alterum
1491 854 1531 884 ab
1547 864 1584 885 ea
1599 853 1766 885 diversum.

224 907 364 947 Quorum
377 908 613 940 similitudinem
623 908 710 949 sequi
723 908 868 940 videntur
879 908 956 940 haec
967 919 1046 950 quae
1059 907 1240 940 Cassandra
1251 908 1327 939 dicit
1337 909 1369 940 in
1383 910 1617 949 Agamemnone
1631 909 1713 941 1148
1726 909 1766 940 K.

584 963 720 1004 ἥμαρτον
741 964 759 1003 ἢ
781 965 862 1003 κυρό
884 976 912 994 τι
934 963 1056 1004 τοξότης
1077 975 1122 1000 τις
1143 964 1199 1003 οἶςς

584 1019 601 1059 ἢ
623 1019 832 1059 ψευδόμαντίς
853 1020 916 1060 εἶμι
938 1018 1118 1060 θυροκόπος
1140 1019 1265 1060 φλέδων
1270 1034 1282 1058 ,·

224 1075 336 1117 quibus
358 1073 590 1106 Schneidewini
605 1075 820 1117 interpretatio
836 1087 897 1106 non
914 1075 1080 1115 satisfacit3
1103 1079 1234 1117 apparet
1250 1080 1351 1106 nutem
1370 1076 1469 1117 prima
1484 1075 1554 1114 duo,
1579 1075 1670 1107 modo
1685 1087 1766 1115 κυρω

223 1142 284 1163 non
308 1132 398 1173 θηρῶ
421 1131 584 1172 scribatur,
608 1131 639 1163 in
664 1142 756 1163 unam
779 1131 1053 1172 interrogationem
1077 1132 1173 1163 coire:
1189 1131 1281 1174 fehlt'
1295 1132 1345 1163 ich
1360 1132 1434 1162 oder
1447 1131 1603 1172 erasit-1⁵2,
1620 1142 1639 1162 a
1653 1132 1766 1173 quibus

224 1188 320 1219 distat
342 1188 425 1229 quod
448 1187 572 1219 additur
594 1188 724 1219 alterum
748 1188 765 1228 ἢ
782 1187 990 1229 ψευδόμαντίς
1004 1189 1081 1228 εἰμες
1102 1198 1175 1219 nam
1190 1188 1282 1219 etiam
1300 1186 1513 1228 ἇληθόμαντις
1528 1193 1593 1219 tam
1608 1187 1768 1227 τυγχοένειν

224 1232 327 1285 potest
348 1255 441 1286 quam
464 1241 698 1284 ἀποτυγχάνειν.
742 1243 884 1286 Denique
906 1244 938 1275 in
963 1243 1040 1276 Oed.
1063 1242 1131 1276 Col.
1155 1244 1216 1276 317
1241 1254 1320 1286 quae
1344 1243 1420 1275 dicit
1442 1244 1599 1285 Antigona
1621 1255 1690 1276 cum
1713 1244 1765 1275 ad-

224 1305 402 1332 ventantem
418 1301 573 1332 Ismenam
591 1301 743 1342 conspicit
758 1299 807 1340 ἆρ’
822 1301 918 1339 fanu,-
934 1299 983 1340 ἆρ’
998 1298 1053 1331 οὐκ
1067 1300 1162 1339 Eorum·
1178 1299 1316 1341 ἣγνοίμη
1331 1302 1451 1340 alumi,-
1466 1300 1583 1332 habent
1597 1301 1680 1342 quod
1695 1312 1764 1332 cum

224 1355 288 1387 illie
311 1355 451 1387 conferre
474 1356 575 1387 liceat.

378 1411 511 1443 Tantum
534 1411 573 1443 de
595 1411 654 1443 hoc
676 1411 800 1443 dicendi
822 1421 944 1452 genere,
969 1410 1007 1442 de
1030 1421 1091 1452 qno
1114 1410 1355 1452 disputationem
1378 1415 1518 1443 nostram
1541 1411 1581 1443 ab
1604 1411 1675 1443 aliie
1694 1422 1766 1443 con-

223 1467 338 1500 tinuari
360 1473 392 1499 et
412 1467 593 1509 locupletari
611 1467 751 1500 velimus.
796 1466 858 1499 Sed
874 1478 937 1499 non
958 1467 1162 1509 relinquimus
1181 1466 1262 1498 hanc
1281 1478 1347 1498 rem
1369 1467 1443 1508 quin
1465 1468 1560 1499 verbo
1579 1468 1766 1509 perstringa-

223 1534 292 1555 mus
315 1534 423 1556 versus
447 1523 596 1565 Equitum
618 1523 691 1555 inde
713 1534 732 1555 a
753 1523 817 1555 606

583 1579 695 1620 ἢσθιον
717 1579 752 1610 δὲ
773 1577 842 1615 τοὺς
864 1577 1041 1618 παγούρους
1063 1576 1131 1610 ἀντὶ
1152 1581 1246 1614 ποίας
1268 1579 1420 1619 Μηδικῆς,

582 1637 612 1666 εἴ
632 1646 675 1671 τις
697 1634 820 1675 ἐξέρποι
841 1633 970 1674 θύραζε,
991 1632 1049 1665 xa’x
1071 1634 1176 1673 βυθοῦ
1196 1632 1385 1675 θηρώμενοι.

583 1691 653 1723 ὥστ’
675 1691 735 1732 ἔφη
758 1692 883 1731 Θέωρος
904 1691 1003 1723 εἰπεῖν
1024 1693 1171 1731 καρκίνον
1194 1693 1377 1730 Κορίνθιον·

577 1746 681 1779 ‘davd
702 1748 742 1786 γ’,
766 1746 791 1778 οὗ
816 1746 977 1787 Πόσειδον,
1000 1748 1028 1778 εἰ
1048 1746 1116 1787 μήτ’
1138 1747 1173 1777 ἐν
1193 1747 1285 1788 βυθῷ
1308 1746 1488 1787 δυνήσομαι,

471 1804 535 1834 610
577 1802 650 1843 μήτε
672 1804 710 1847 γῇ
729 1802 796 1844 μήτ’
818 1804 852 1834 ἐν
876 1801 1016 1845 θαλάττῃ
1043 1802 1207 1844 διαφυγεῖν
1229 1801 1299 1839 τούς
1320 1801 1452 1838 ἱππέαςῖ

223 1859 255 1889 in
279 1859 392 1900 quibus
415 1859 516 1890 simile
538 1859 660 1900 peccari
684 1859 806 1890 videtur
828 1859 868 1890 ab
890 1858 1111 1899 interpretibus
1134 1858 1215 1899 quo'd
1240 1864 1399 1899 peccatum
1422 1864 1470 1889 est
1491 1858 1523 1889 in
1548 1869 1575 1888 v.
1599 1858 1675 1896 2603
1704 1869 1765 1888 non

223 1915 323 1954 magis
347 1915 429 1945 enim
452 1914 506 1944 illa
528 1915 587 1945 trin
608 1914 676 1954 μήτ’
698 1915 732 1945 ἐν
752 1916 845 1956 βυθῷ
866 1913 941 1955 μήτε
963 1915 997 1945 ἐν
1018 1915 1056 1957 γῇ
1076 1912 1150 1954 μήτε
1166 1914 1201 1944 ἐν
1223 1913 1364 1954 θαλάττῃ
1386 1924 1475 1944 unam
1495 1914 1605 1943 seriem
1627 1914 1766 1944 efficiunt

223 1980 315 2011 quum
339 1980 372 2000 se
396 1980 456 2000 uno
479 1969 587 2000 ordine
610 1967 691 2010 ὠμὸς
716 1969 732 2009 ἢ
748 1971 855 2000 πέπων
870 1969 888 2010 ἢ
901 1968 944 2009 μὴ
959 1971 1066 1999 πέπων
1081 1968 1290 2010 excipiebant3
1314 1979 1385 1999 nam
1401 1968 1427 1999 si
1444 1968 1589 2007 coniungi
1605 1968 1683 1999 velis
1697 1968 1764 2009 μήτ’

223 2026 258 2057 ἐν
271 2026 363 2068 βυθῷ
378 2024 452 2067 μήτε
466 2026 501 2057 ἐν
515 2026 561 2069 γῇ,
576 2025 716 2056 haerebit
730 2036 811 2066 aqua
822 2025 854 2055 in
870 2023 1025 2065 θαλάττης
1038 2036 1144 2055 verum
1161 2030 1261 2056 autem
1280 2035 1335 2065 par
1350 2024 1543 2055 constituunt
1555 2023 1630 2064 μήτε
1643 2025 1681 2068 γῇ
1691 2023 1765 2064 μήιε

223 2082 258 2113 ἐν
280 2081 433 2124 θαλάττῃ,
456 2093 475 2113 ο,
494 2082 606 2123 quibus
626 2082 759 2123 primum
776 2080 850 2112 illud
868 2086 1062 2121 segregatum
1078 2086 1126 2111 est
1141 2086 1172 2111 et
1187 2079 1423 2121 segregandum.
1462 2078 1514 2110 Sic
1529 2080 1611 2111 enim
1628 2080 1765 2111 scriben-

224 2138 298 2169 dum
322 2138 452 2169 dicimus
475 2149 546 2169 cum
568 2137 726 2169 Brunckio
749 2137 891 2179 prudenti
914 2136 1038 2167 homine
1060 2136 1131 2177 μηδ’
1145 2137 1180 2167 ἐν
1201 2137 1301 2178 βυθῷ,
1330 2135 1412 2177 quod
1435 2147 1454 2166 a
1476 2135 1632 2177 plerisque
1654 2137 1764 2177 proba—

223 2198 288 2225 tum
311 2193 440 2225 Zaoheri
463 2194 557 2225 editio
579 2193 767 2235 repudiavit3
791 2193 1030 2235 interpretamur
1051 2196 1152 2223 eutem
1175 2192 1228 2231 ita,
1257 2197 1292 2222 ut
1313 2202 1351 2222 ex
1375 2202 1420 2230 eo,
1445 2191 1528 2232 quod
1551 2190 1704 2231 miroveus
1725 2203 1765 2222 ne

223 2251 255 2282 in
283 2250 437 2293 profundo
464 2250 588 2292 quidem
615 2250 672 2281 tuti
696 2250 768 2290 sint,
796 2248 884 2291 quasi
908 2248 1080 2289 colligatur,
1104 2258 1157 2280 eos
1180 2258 1252 2289 ergo
1275 2258 1376 2289 neque
1398 2252 1481 2279 terra
1507 2258 1608 2289 neque
1631 2248 1709 2279 mari
1731 2259 1765 2280 se

224 2307 304 2338 tueri
326 2317 417 2349 posse
440 2307 480 2338 ab
502 2307 670 2348 equitibus.

377 2362 528 2395 Redimus
550 2362 589 2395 ed
614 2361 820 2399 ὑπευθύνους,
845 2372 976 2404 quorum
999 2372 1037 2392 ex
1059 2360 1162 2392 causis
1185 2359 1258 2402 quid
1285 2359 1365 2391 lucri
1389 2360 1499 2392 fecerit
1519 2358 1620 2392 Cleon
1643 2360 1766 2402 planius

224 2420 317 2451 etiam
339 2419 509 2462 percipitur
528 2430 567 2451 ex
590 2419 629 2451 iis
651 2419 764 2460 quibus
786 2417 868 2450 idem
893 2422 1055 2450 accusatur
1079 2428 1107 2448 v.
1130 2416 1194 2449 823
1216 2427 1285 2459 sqq.
1523 2465 1560 2492 2·
