2118 2784
1097 157 1117 187 6

330 243 362 273 in
386 253 476 274 suum
500 243 613 274 mentis
637 248 753 273 statum
778 242 943 282 insigniter
964 242 1056 274 facto.
1095 242 1189 274 Hunc
1212 248 1316 274 nutem
1340 253 1463 274 cursum
1486 243 1639 274 sermonis
1655 252 1746 283 quem
1763 252 1832 273 esse
1846 241 1879 273 in

331 298 473 329 versibus
498 299 622 329 14-17
648 298 799 336 volumus,
825 298 851 328 si
874 303 958 328 recte
981 297 1233 338 explicuerimus,
1257 303 1398 340 apertum
1421 304 1478 338 est,
1499 297 1579 329 nihil
1593 298 1626 329 in
1643 297 1692 329 his
1706 297 1880 328 cavillatio·

330 355 379 386 nis
403 355 506 386 inesse
530 360 701 396 praetorem
726 354 850 385 Niciam
873 354 1039 395 carpentis.
1078 354 1205 386 Etenim
1229 360 1263 386 ut
1284 355 1408 396 planius
1431 355 1533 395 etiam,
1558 355 1585 386 si
1606 354 1675 385 fieri
1698 359 1810 396 potest,
1835 353 1879 384 di-

330 422 437 442 camus
461 410 544 451 quod
570 410 711 441 volumus
735 410 819 449 (nam
845 411 875 440 in
901 409 959 440 hoc
982 421 1095 449 genere
1118 410 1280 441 allusionis
1302 421 1395 451 quam
1412 411 1520 442 dicunt
1535 410 1662 441 difficile
1678 409 1881 451 persuadetur

332 464 455 506 doctis),
479 466 540 497 tria
562 470 635 496 sunt
657 476 737 507 quae
760 465 877 504 Nicias,
906 465 985 496 alter
1006 465 1200 505 famulorum,
1231 476 1292 497 uno
1315 471 1421 497 tenore
1445 466 1499 498 sed
1522 465 1705 498 haesitando
1729 471 1760 497 et
1783 465 1880 497 brevi-

330 522 408 553 culis
429 522 603 553 intervallis
627 522 755 562 promit:
780 522 913 562 primum
932 521 1025 552 ‘esto:
1051 521 1151 552 dicam
1175 521 1257 563 quod
1281 522 1392 562 sentio,
1416 533 1456 553 ne
1478 520 1590 562 rixer'3
1615 522 1686 553 dein
1702 521 1882 553 reformidat

330 579 457 619 exsequi
482 578 564 618 quod
589 588 622 608 se
647 578 726 608 velle
749 577 842 608 modo
866 577 959 616 dixit3
984 584 1084 608 metus
1108 578 1189 608 enim
1214 578 1337 609 servilis
1360 578 1505 618 prohibet
1527 589 1566 609 ne
1589 578 1724 619 proferat
1746 577 1829 619 quod
1852 578 1881 608 ei

329 635 392 665 iam
414 634 498 664 inter
520 634 609 664 labra
631 633 738 664 haeret
762 633 890 664 verbum
913 634 1088 664 ominosum
1111 631 1331 674 αὐτομολῶμεν
1345 631 1428 674 (26);
1452 634 1587 676 denique
1609 634 1728 665 mavult
1749 633 1881 665 alterum

330 690 442 732 eloqui,
467 691 534 732 ipse
557 690 640 732 quod
664 690 814 721 voluerat.
859 690 949 721 Haec
971 690 1032 721 tria
1054 689 1211 731 praeclare
1232 690 1314 721 inter
1336 701 1370 722 se
1393 690 1562 722 cohaerent
1584 696 1616 722 et
1637 691 1770 732 pingunt
1784 690 1881 721 animi

331 752 448 777 motum
472 747 525 787 qui
548 752 596 777 est
618 747 652 776 in
674 746 776 785 Nicia,
801 746 894 776 modo
919 746 1049 785 volente,
1075 757 1183 776 rursus
1206 746 1331 777 nolente
1353 747 1453 777 dicere
1476 752 1507 777 et
1522 746 1650 777 alterius
1665 756 1756 788 opem
1772 746 1880 787 implo-

330 807 431 833 rante:
456 812 528 832 nam
552 801 590 832 de
613 801 700 832 nulla
722 812 755 832 re
778 801 840 832 alia
862 801 923 832 nisi
948 801 985 831 de
1009 802 1136 832 dicendo
1159 801 1271 841 agitur.
1306 801 1406 843 Atqui
1428 802 1502 843 quia
1525 802 1620 833 verba
1642 806 1695 833 rua
1716 800 1758 842 μὴ
1773 803 1880 843 μάχω-

329 871 386 899 μαι
409 858 512 890 soluta
534 869 552 889 a
575 857 698 889 dicendi
723 858 849 889 notione
873 863 903 889 et
925 869 980 899 per
1003 869 1036 889 se
1059 858 1162 899 posita
1183 858 1215 889 in
1239 858 1458 899 imperatorem
1474 858 1598 890 Niciam
1614 857 1726 890 cadere
1741 865 1880 900 possunt,

331 915 357 945 si
385 915 456 955 quis
486 913 604 944 idcirco
633 914 713 944 hanc
740 914 978 953 ambiguitatem
1001 913 1088 944 lusus
1113 924 1208 944 causa
1231 913 1425 944 inferendam
1449 914 1566 953 statuit,
1591 919 1830 955 corrumpuntur
1851 919 1882 944 et

330 969 547 1003 distrahuntur
574 981 653 1012 quae
680 970 796 1011 optime
823 969 1011 1001 concinnata
1038 977 1136 1001 erant.
1170 969 1213 1002 Et
1235 969 1318 1002 hunc
1341 970 1436 1012 igitur
1459 981 1594 1003 errorem
1617 969 1790 1003 cavendum
1812 981 1881 1003 esse

330 1028 472 1066 dicimus,
498 1038 537 1058 ne
559 1027 743 1068 particulam
767 1038 806 1057 ex
829 1033 977 1057 contextu
1001 1027 1154 1057 sermonis
1177 1027 1350 1058 eximentes
1373 1038 1413 1058 ex
1435 1039 1472 1058 ea
1495 1027 1687 1067 colligamus,
1711 1038 1792 1068 quae
1808 1038 1882 1058 con-

331 1088 436 1114 textus
459 1083 527 1124 ipse
550 1081 690 1112 excludit
712 1086 743 1112 et
766 1092 848 1112 vana
870 1092 939 1112 esse
962 1081 1138 1123 persuadet.

484 1138 563 1170 Inde
586 1150 605 1169 a
629 1149 720 1169 versu
742 1138 912 1179 Euripideo
936 1138 976 1169 ad
999 1149 1088 1170 suam
1111 1138 1217 1169 sedem
1241 1144 1374 1170 retracto
1396 1139 1516 1180 reliqua
1531 1144 1640 1180 suapte
1656 1144 1768 1180 sponte
1782 1139 1883 1170 fluunt

330 1204 431 1233 neque
454 1193 645 1224 inhibentur.
680 1192 744 1224 Sed
767 1194 859 1224 nobis
883 1193 921 1223 ad
946 1194 1108 1234 superiora
1129 1193 1322 1224 redeundum
1337 1199 1396 1224 est.
1422 1193 1550 1224 Etenim
1566 1192 1732 1235 Sauppius,
1754 1199 1788 1225 ut
1802 1194 1881 1226 ratio

330 1256 488 1282 constaret
510 1261 603 1292 quam
627 1250 699 1281 inde
722 1262 741 1281 a
765 1261 856 1281 versu
874 1251 914 1281 14
938 1250 1059 1289 inierat,
1077 1251 1109 1281 in
1139 1250 1294 1291 prioribus
1318 1261 1385 1281 eam
1410 1250 1653 1291 descriptionem
1675 1251 1828 1282 sermonis
1851 1256 1883 1282 et

331 1316 533 1346 personarum
558 1311 684 1335 secutus
708 1310 755 1335 est
778 1315 857 1345 quae
880 1305 954 1335 olim
980 1305 1166 1344 vulgabatur
1189 1310 1220 1334 et
1235 1315 1315 1345 quae
1331 1312 1380 1335 est
1402 1305 1471 1345 ipsa
1487 1305 1637 1336 librorum
1661 1305 1849 1336 distributio.

539 1362 575 1392 ll
616 1367 669 1390 ΔΗ.
692 1363 720 1392 τί
741 1359 924 1402 κινυρόμεθ’
947 1360 1065 1399 ‹HJ-wc,-
1088 1358 1143 1393 οὒκ
1164 1361 1256 1401 ἐχρῆν
1279 1361 1375 1402 ζητεῖν
1397 1372 1466 1393 τινα

694 1420 845 1457 σωτηρίαν
868 1419 942 1458 νῷν,
965 1415 1049 1448 ἀλλὰ
1071 1417 1112 1457 μὴ
1135 1417 1242 1448 κλάειν
1264 1418 1306 1448 ἔτι
1312 1431 1322 1455 ‚-

626 1479 669 1501 Νι.
692 1475 735 1509 τίς
758 1471 813 1504 οὖν
834 1474 944 1511 γένοιτ’
967 1470 1024 1512 civ,-
1047 1474 1116 1512 λέγε
1139 1471 1185 1505 σύ.
1209 1479 1258 1502 All.
1275 1471 1312 1504 σε)
1328 1473 1386 1513 μὲν
1401 1470 1457 1505 οὖν
1471 1484 1525 1514 μοι
1541 1472 1621 1512 λέγε.

332 1530 438 1568 Quare
462 1530 500 1560 de
523 1541 560 1560 ea
582 1541 615 1560 re
639 1530 717 1560 nihil
740 1534 807 1561 erat
829 1531 913 1571 quod
928 1531 1024 1561 verba
1046 1530 1171 1561 faceret.
1210 1530 1272 1561 Sed
1296 1535 1406 1571 postea
1428 1530 1558 1569 exstitit,
1583 1530 1648 1561 sive
1664 1518 1794 1561 Beerius
1815 1532 1881 1562 sive

332 1586 496 1627 Bergkius,
521 1586 574 1626 qui
599 1596 669 1616 cum
694 1596 784 1616 versu
811 1586 849 1616 13
873 1596 952 1626 quae
976 1586 1067 1616 unius
1091 1591 1180 1616 erant
1203 1586 1234 1615 in
1251 1585 1328 1616 duas
1345 1584 1499 1617 divideret
1521 1596 1677 1626 personas,
1706 1592 1749 1614 Νι.
1765 1589 1809 1622 τίς
1825 1584 1882 1618 οὖν

331 1643 443 1680 γένοιτ’
459 1642 517 1679 ἄν,·
543 1648 595 1670 ΑΒ.
619 1643 688 1679 λέγε
711 1641 760 1680 σύ,
785 1642 843 1672 hoc
867 1647 1028 1672 assecutus
1052 1648 1108 1681 est,
1135 1648 1167 1672 ut
1189 1642 1221 1672 in
1246 1642 1395 1682 proximis
1418 1641 1497 1672 nihil
1520 1642 1582 1673 iam
1606 1648 1690 1673 recto
1714 1642 1777 1674 talo
1799 1649 1881 1674 stare

334 1698 499 1728 videretur.
534 1697 583 1727 Ex
606 1697 661 1728 illo
684 1697 766 1728 enim
796 1697 948 1738 principio
976 1697 1115 1728 manavit
1137 1698 1198 1728 ista
1221 1707 1425 1738 personarum
1449 1697 1630 1738 descriptio,
1655 1708 1749 1738 quam
1770 1698 1880 1729 falsam

332 1765 401 1785 esse
425 1760 456 1784 et
478 1760 588 1794 poetae
604 1753 702 1784 menti
719 1754 903 1784 contrariam
922 1753 1136 1784 demonstrare
1152 1753 1337 1785 studuimus.
1373 1751 1435 1784 Sed
1451 1753 1548 1785 semel
1563 1753 1644 1784 iacto
1660 1753 1776 1785 infelici
1801 1765 1881 1785 com—

333 1816 447 1848 mento,
473 1820 565 1839 nemo
581 1817 690 1849 postea
712 1819 808 1840 ausus
832 1815 880 1840 est
895 1810 934 1840 ab
958 1810 1019 1840 isto
1036 1820 1139 1840 errore
1162 1809 1200 1839 ad
1218 1820 1326 1840 sanam
1343 1809 1531 1840 sententiam
1554 1809 1665 1840 redire.
1700 1808 1785 1848 Quid
1801 1811 1883 1841 enim

332 1865 536 1896 Demostheni
562 1865 692 1896 salutem
717 1865 853 1906 aliquam
878 1864 1087 1906 quaerendam
1105 1875 1174 1895 esse
1189 1865 1376 1906 proponenti
1397 1865 1500 1906 aptius
1517 1864 1700 1907 responderi
1718 1865 1821 1907 potuit
1843 1866 1883 1897 ab

332 1922 429 1953 altero
446 1932 539 1962 quam
563 1924 606 1957 τίς
630 1919 686 1952 οὖν
707 1923 817 1959 γένοιτ’
832 1922 888 1958 ἇν,·
911 1922 980 1960 λέγε
1002 1921 1040 1953 σύ
1061 1921 1091 1952 h.
1109 1932 1134 1952 e.
1151 1932 1191 1952 ne
1211 1922 1280 1962 quis
1304 1932 1475 1962 pronomen
1497 1921 1613 1952 frustm
1635 1921 1790 1954 adiectum
1818 1934 1885 1954 esse

333 1978 428 2008 ducat
447 1977 498 2008 ‘tu
524 1978 576 2018 qui
606 1977 697 2008 modo
720 1988 869 2018 quaerere
892 1978 1024 2008 salutem
1047 1975 1203 2009 iubebas?
1244 1977 1288 2008 Et
1310 1977 1370 2008 hoc
1393 1977 1477 2018 quod
1499 1977 1579 2008 ratio
1603 1977 1722 2018 suadet,
1747 1989 1885 2020 compro-

334 2034 410 2064 bant
429 2033 583 2074 exempla.
608 2032 653 2063 Ut
673 2033 754 2064 enim
777 2034 937 2064 mittamus
957 2033 1050 2064 toties
1071 2033 1109 2064 ad
1126 2033 1210 2064 hunc
1226 2033 1353 2064 modum
1369 2032 1502 2064 formata
1519 2033 1680 2064 enuntiata

696 2089 750 2120 τοῦ
771 2089 801 2120 δ’
817 2088 917 2128 οὕνεχ’
940 2087 1020 2130 ἡμᾶς
1042 2090 1125 2120 ταῦτ’
1140 2089 1293 2129 ἔδρασανς
1317 2090 1385 2120 εἰπέ
1405 2100 1459 2129 μοι
1481 2088 1555 2121 Pac.
1573 2089 1636 2121 210

695 2146 763 2186 φέρ’
779 2145 849 2182 ἴδω,
872 2145 910 2176 σὺ
932 2147 1039 2177 τοῦτον
1061 2148 1090 2176 τί
1112 2143 1289 2186 ὄνομοίζειςς
1311 2146 1381 2177 εἶπέ
1401 2157 1455 2186 μοι
1477 2145 1559 2177 Nub.
1575 2146 1637 2177 847

696 2201 734 2233 σὺ
749 2202 784 2233 δὲ
806 2201 845 2241 δὴ
867 2204 895 2232 τί
916 2201 1056 2241 βουλεύει
1078 2208 1194 2240 notent,-
1217 2203 1278 2240 λέγ’
1294 2200 1430 2241 Αἶσχύλε
1452 2201 1533 2234 Rau.
1548 2203 1613 2234 865

689 2256 867 2295 Ἀγάθωνα
890 2264 995 2289 netum
1012 2281 1020 2288 .
1038 2280 1045 2287 .
1061 2258 1091 2294 ἐς
1106 2257 1322 2299 θεσμοφόρων
1336 2258 1454 2289 ἐλθεῖν.
1478 2255 1559 2291 rina.
1578 2260 1607 2289 τί
1620 2258 1777 2298 δράσονή
1799 2260 1868 2291 εἶπέ

1251 2326 1305 2354 μοι
1328 2313 1517 2356 Thesmoph.
1534 2314 1576 2346 89

334 2379 414 2410 quae
441 2369 605 2400 innumera
627 2374 708 2409 sunt,
733 2369 826 2410 plane
849 2369 981 2401 eandem
1004 2370 1157 2401 rationem
1185 2381 1259 2411 prae
1283 2381 1317 2402 se
1344 2370 1447 2401 ferunt
1473 2370 1550 2402 haec
1578 2381 1658 2411 quae
1682 2361 1831 2419 >leguntur
1852 2372 1885 2415 in

335 2424 448 2466 Vespis
472 2424 536 2456 346
