2118 2784
987 149 1028 181 13

237 243 366 266 necesse
392 238 449 266 eet.
487 233 599 275 Itaque
625 238 749 270 σκοπεῖς
768 233 849 266 falso
870 237 1031 266 exarsum
1053 244 1123 266 esse
1143 234 1372 275 existimantes,
1397 240 1432 266 ut
1452 233 1572 276 aliquid
1591 233 1702 266 fortius
1724 244 1777 275 po-

236 293 374 329 neretur,
399 299 455 331 pro
475 300 512 321 eo
531 289 708 321 Meinekius
734 291 787 321 καὶ
811 290 952 327 melae,
972 290 1113 322 Kockius
1135 292 1188 322 καὶ
1210 293 1310 327 πίνεις
1332 290 1397 331 (vel
1416 289 1530 331 ξυρεῐς)
1550 290 1778 321 restituendum

237 346 445 378 coniecerunt.
484 345 666 378 Omittimus
689 346 786 378 verba
806 346 908 388 posita
934 347 1113 378 examinare
1135 352 1189 378 aut
1209 347 1347 379 rationes
1374 347 1529 389 inspicere
1551 345 1666 388 quibus
1689 357 1778 378 suam

237 407 367 444 uterque
389 402 567 444 opinionem
581 402 764 434 firmaverit:
787 402 865 434 illud
884 402 1026 443 dicimus,
1050 407 1147 434 totam
1162 402 1333 434 orationem
1352 404 1397 435 ita
1410 403 1575 435 formatam
1594 413 1674 443 esse,
1698 402 1778 434 nihil

238 463 272 490 ut
285 458 388 500 aptius
403 458 542 500 recipere
558 458 701 500 potuerit,
718 469 810 500 quam
826 459 930 501 ipsum
945 458 1021 490 illud
1037 457 1261 501 reprehensum
1275 465 1406 496 σκοπεῖς.
1435 457 1489 491 Sic
1504 459 1589 491 enim
1604 469 1688 490 nunc
1703 458 1778 490 dici·

237 519 287 546 tur
304 520 426 550 σκοπεῖς
446 514 527 551 ὅστις
545 515 679 546 πολιῶν
696 515 778 546 ἐστιν
792 512 947 556 ἇμνοιιῦν,
969 520 1003 546 ut
1016 514 1109 556 paulo
1125 519 1197 546 ante
1219 512 1310 554 (259)
1332 516 1456 547 σκοπῶν
1475 515 1557 552 ὅστις
1571 513 1675 547 αὗτῦν
1693 513 1779 555 ὀμός

236 570 325 610 torar,
345 573 379 601 et
392 569 537 601 similiter
551 569 636 610 alibi,
653 569 735 605 Nub.
754 570 837 602 1096
851 571 905 601 καὶ
918 571 979 601 νῦν
993 570 1120 601 esuriat
1134 569 1276 609 ὁπότεροι
1291 570 1413 606 πλείους
1427 570 1545 607 σκόπει,
1567 576 1622 602 aut
1636 572 1697 602 Av.
1713 571 1780 602 450

237 632 362 658 σκοπεῖν
381 626 413 657 δ’
425 627 442 657 ὅ
461 638 489 657 ιι
507 626 548 658 ἂν
566 625 798 668 προγράφωμεν
812 627 847 658 ἓν
861 632 925 663 τοῖς
939 628 1101 663 πινακίοις.
1139 624 1336 668 Quamquam
1351 626 1424 668 quid
1441 637 1518 668 opus
1538 632 1586 659 est
1604 627 1778 669 exemplis?

238 681 322 720 Quid
344 692 417 722 ergo
437 682 508 713 est?
540 687 666 714 σκοπεῖν
685 692 756 713 cum
775 693 834 713 sua
852 682 993 713 oratione
1011 682 1127 723 optime
1147 692 1323 713 connexum
1342 682 1553 714 dubitabimus
1568 683 1637 714 loco
1652 694 1777 714 movere

237 742 292 769 aut
305 736 455 769 mutando
470 736 592 769 tollere:
617 737 644 769 si
659 742 772 778 manet,
796 742 927 779 apparet
949 737 1102 778 integram
1117 728 1243 779 ‹juidem
1258 736 1340 768 hane
1354 737 1525 768 orationem
1548 748 1626 778 esse,
1650 738 1704 769 sed
1726 738 1777 769 de-

237 793 369 826 siderari
395 799 515 835 partem
541 793 671 825 alteram
698 804 759 835 qua
783 797 872 835 parte
897 793 1073 835 expositum
1099 793 1205 834 fuerit,
1234 792 1334 825 Cleon
1360 793 1435 835 quid
1461 795 1695 835 perpetraverit,
1724 794 1777 826 ubi

238 849 516 892 circumspiciendo
538 849 693 881 invenerit
707 849 791 881 cives
807 849 916 891 quales
939 849 1073 881 volebat.
1112 850 1211 891 Atqui
1235 860 1305 880 cum
1328 849 1559 881 meminerimus
1581 851 1613 880 in
1636 851 1778 882 versibus

237 906 311 947 261,
331 906 404 946 262,
427 906 491 938 263
513 906 593 938 nihil
615 906 742 937 omnino
765 905 969 948 depravatum
990 905 1096 946 fuisse,
1125 905 1180 938 sed
1204 916 1300 937 unum
1322 916 1493 947 pronomen
1516 904 1618 938 αιἠὖν
1640 918 1702 938 nou
1725 906 1778 938 ha-

239 963 344 994 buisse
359 972 421 1004 quo
436 962 544 993 referri
560 967 675 1003 posset,
698 962 761 993 iam
780 972 878 1003 paene
898 961 1039 1002 proditur
1059 961 1134 1003 quid
1153 972 1261 993 verum
1282 962 1337 992 sit:
1361 972 1473 1003 nempe
1493 962 1571 992 nihil
1591 962 1624 993 in
1647 963 1779 1002 singulis

237 1029 332 1060 prave
352 1019 502 1060 scriptum
521 1018 576 1050 sed
601 1017 731 1049 duarum
751 1017 885 1059 partium
909 1016 1049 1049 ordinem
1069 1017 1229 1049 inversum
1251 1027 1334 1057 esse3
1360 1027 1421 1059 quo
1440 1022 1596 1059 reparato,
1621 1018 1702 1049 sicut
1723 1028 1780 1059 par

238 1079 294 1115 est,
319 1080 482 1116 utrumque
505 1084 654 1115 apparere
677 1073 808 1114 probum
831 1084 901 1105 ease
924 1079 955 1104 et
977 1079 1099 1109 σκοπεῖς
1121 1085 1150 1104 v.
1167 1074 1232 1105 264
1253 1078 1286 1104 et
1307 1072 1411 1104 αὐτῶν
1433 1084 1462 1104 v.
1479 1073 1553 1105 261.

490 1129 554 1161 264
596 1130 650 1161 καὶ
671 1134 819 1166 σκοπεῖς
839 1141 875 1168 γε
897 1129 958 1161 τῶν
978 1130 1113 1161 mituli·
1134 1128 1215 1165 ὅστις
1236 1129 1319 1160 ἐστὶν
1340 1126 1497 1170 ἄμνοκῶν,

596 1185 743 1222 πλούσιος
763 1187 816 1217 καὶ
836 1184 879 1226 μὴ
901 1185 1034 1226 πονηρὸς
1055 1187 1108 1216 καὶ
1129 1187 1248 1226 τρέμων
1270 1184 1309 1216 τὰ
1331 1185 1515 1226 πράγματα·

491 1241 551 1273 261
599 1240 660 1273 κᾶν
680 1242 734 1273 τιν’
750 1239 871 1273 αὗτῶν
891 1241 973 1283 γνῷς
995 1238 1169 1282 ἀπράγμον’
1184 1240 1261 1272 ὄντα
1282 1242 1335 1271 καὶ
1358 1240 1515 1281 κεχηνότα,

597 1296 783 1336 καταγαγών
804 1298 838 1329 ἐκ
859 1296 1056 1338 Χερρονήσου
1076 1296 1238 1337 διαβαλῶν
1260 1294 1428 1336 ἀγκυρίσας

489 1354 553 1386 263
596 1354 649 1385 εἶτ’
664 1351 867 1393 ἀποστρέψας
888 1353 942 1384 τὸν
963 1351 1049 1393 ὦμον
1068 1351 1164 1385 αὐτὸν
1185 1352 1419 1394 ἐνεκολήβασας.

238 1410 308 1442 Non
324 1421 438 1441 novum
454 1409 514 1441 hoc
529 1414 578 1441 est
591 1409 645 1441 sed
662 1421 681 1441 a
695 1408 853 1440 Brunekio
865 1409 1124 1450 Argentoratensi
1139 1420 1168 1441 a.
1180 1417 1397 1441 lmccnxxxm
1411 1409 1573 1440 inventum
1588 1414 1620 1440 et
1633 1409 1778 1450 breviter,

239 1472 272 1498 ut
286 1467 333 1498 illi
348 1471 470 1497 veteres
485 1466 637 1506 solebant,
661 1466 881 1506 significatum.
915 1463 1014 1497 Cuius
1029 1465 1217 1497 sententiam
1232 1465 1405 1497 rationibus
1428 1465 1582 1507 expositis
1598 1466 1781 1497 confirmare

239 1528 270 1554 et
288 1533 308 1554 a
327 1521 490 1553 contrariis
515 1521 714 1563 opinionibus
738 1520 926 1552 defensitare
951 1520 1140 1561 studuimus,
1166 1531 1228 1552 non
1256 1521 1408 1552 inutiliter
1430 1521 1576 1560 fortasse,
1604 1521 1632 1552 si
1654 1521 1781 1562 quidem

237 1580 324 1611 illam
344 1590 363 1610 a
377 1578 502 1610 nemine
521 1567 729 1609 recentiorum
748 1578 911 1619 probatam
927 1577 1077 1618 videmus,
1097 1581 1314 1619 praeterquam
1330 1577 1506 1617 aVelseno,
1528 1589 1547 1609 a
1562 1578 1649 1609 cuius
1665 1577 1781 1609 iudicio

239 1634 394 1666 Zaeherus
415 1644 507 1675 saepe
522 1644 578 1665 suo
598 1634 674 1673 iure,
689 1633 723 1664 in
738 1633 797 1664 hae
812 1644 845 1664 re
861 1644 984 1664 summa
1001 1633 1124 1673 iniuria,
1142 1639 1176 1664 ut
1190 1634 1282 1664 nobis
1299 1633 1430 1673 videtur,
1447 1633 1583 1664 deflexit.
1606 1633 1666 1664 Est
1680 1638 1782 1664 autem

239 1691 297 1723 hoc
312 1701 435 1733 quoque
453 1690 548 1722 officii
564 1689 674 1730 critici,
694 1700 757 1721 non
773 1689 874 1721 solum
890 1689 1056 1721 emendare
1071 1689 1240 1731 depravata
1259 1689 1315 1721 sed
1330 1694 1414 1721 certo
1430 1689 1595 1721 emendata
1613 1700 1782 1731 agnoscere

238 1757 277 1779 ae
295 1747 375 1778 tueri
396 1757 497 1788 neque
517 1757 555 1777 ea
568 1747 633 1787 pati
653 1746 743 1778 novis
763 1756 887 1787 semper
901 1746 1101 1787 opinionibus
1117 1747 1208 1778 obrui
1227 1751 1259 1777 et
1276 1747 1308 1777 in
1325 1746 1514 1778 oblivionem
1535 1746 1657 1777 adduci.
1688 1744 1782 1784 Quod

239 1803 265 1835 si
280 1803 363 1834 hune
379 1813 471 1845 quem
486 1802 737 1844 recuperavimus
753 1802 978 1833 sententiarum
991 1801 1132 1833 ordinem
1148 1802 1299 1833 curiosius
1314 1802 1504 1841 rimabimur,
1521 1812 1583 1832 non
1596 1802 1696 1833 solum
1712 1812 1781 1842 pro-

238 1870 351 1891 nomen
371 1857 474 1891 αὐτῶν
492 1859 555 1890 iam
576 1870 666 1890 suum
686 1858 810 1898 habere,
834 1868 896 1899 quo
917 1864 1051 1899 regatur,
1071 1869 1184 1890 nomen
1208 1858 1420 1899 intelligimus,
1442 1858 1499 1889 sed
1518 1858 1612 1889 etiam
1632 1858 1728 1889 verba
1747 1869 1780 1889 se

240 1916 321 1947 sicut
335 1926 392 1958 par
406 1920 455 1946 est
469 1915 621 1956 excipere,
637 1915 690 1945 καὶ
705 1920 851 1949 σκοπετς
866 1914 928 1945 τῶν
942 1914 1079 1946 πολιτῶν
1093 1912 1173 1950 ὅστις
1192 1915 1255 1945 κτλ..
1271 1913 1330 1946 κᾶν
1344 1916 1398 1945 τιν’
1414 1912 1535 1945 αὐτῶν
1548 1915 1655 1956 γνῷς,
1676 1924 1780 1955 quem-

239 1972 406 2004 admodum
425 1971 598 2003 Mercurius
617 1970 755 2012 loquitur
773 1970 806 2001 in
827 1969 908 2001 Pace
930 1967 1022 2010 (543)

599 2028 651 2058 καὶ
673 2026 769 2058 τῶνδε
791 2028 893 2058 τοίνυν
915 2027 976 2058 τᾶν
998 2028 1170 2066 θεωμένων
1191 2026 1316 2058 σκόπει

600 2083 636 2115 τὰ
660 2082 811 2124 πρόσωφ’,
833 2087 885 2115 ἵνα
907 2085 1001 2125 γνῷς
1023 2082 1078 2119 τὰς
1099 2085 1216 2123 τέχνας.

239 2139 301 2173 Sed
317 2145 348 2173 et
362 2140 439 2172 illud
456 2141 551 2182 probe
566 2140 751 2180 institutum,
768 2139 851 2181 quod
866 2139 906 2170 ab
921 2137 1108 2170 ὑπευθύνων
1119 2138 1411 2170 commemoratione
1423 2139 1510 2177 (259.
1524 2137 1609 2179 260),
1627 2139 1680 2180 qui
1695 2140 1781 2170 cives

241 2198 368 2239 quidem
388 2203 461 2229 sunt
480 2202 512 2228 et
529 2197 603 2239 ipsi,
625 2201 731 2238 utpote
749 2196 950 2237 magistratus
974 2206 1030 2226 suo
1050 2206 1177 2226 munere
1195 2195 1258 2226 iam
1277 2195 1384 2232 functi,
1406 2194 1447 2226 ad
1466 2195 1644 2226 nniversam
1666 2196 1780 2227 civium

241 2253 474 2286 multitudinem
497 2253 575 2292 (264
595 2254 648 2284 καὶ
668 2258 790 2289 σκοπεῖς
808 2264 843 2291 γε
861 2253 932 2283 τῶν
950 2251 1122 2290 πολιτῶν)
1144 2250 1349 2292 progreditur,
1373 2250 1482 2282 eodem
1497 2250 1590 2282 modo
1613 2262 1674 2293 quo
1689 2252 1782 2293 paulo

240 2315 312 2342 ante
331 2309 560 2342 Demosthenes
580 2309 787 2351 allantopolae
806 2309 859 2350 qui
879 2307 1032 2349 σύμμαχοι
1050 2307 1226 2339 sint-futuri
1246 2312 1408 2338 enumerat
1425 2305 1517 2348 (225)

599 2363 667 2398 ἄλλ’
681 2366 760 2397 εἰσιν
781 2364 894 2406 ἱππῆς
915 2363 1027 2405 ἄνδρες
1048 2361 1170 2402 ἇγαθοὶ
1190 2364 1295 2403 χίλιοι,

600 2422 652 2453 καὶ
673 2422 735 2454 viv
756 2421 915 2454 πολιτεῖν
937 2420 967 2453 οἳ
988 2420 1078 2453 καλοί
1098 2431 1130 2452 τε
1152 2418 1303 2459 κάγαθοί.
