2118 2784
1081 130 1121 161 16

687 217 760 251 1ι’σιιις
780 213 842 254 γὰρ
864 215 906 246 ἂν
926 214 1057 256 χρηστόν
1078 227 1106 247 τι
1126 215 1391 257 βουλευσαίμεθα.

618 277 663 298 N!-
685 271 756 302 ἰδού
775 270 803 308 r'
821 270 971 310 ἄκρατον·
994 273 1066 310 περὶ
1087 273 1186 303 ποτοῦ
1206 273 1284 310 γοῦν
1304 272 1368 303 &cvl
1390 280 1448 303 ooo.

688 326 755 362 πῶς
777 326 804 356 δ’
822 326 864 357 ἂν
885 326 1017 367 μεθύειν
1038 326 1168 367 χρηστόν
1190 339 1218 358 π
1239 326 1431 367 βουλεύσαιτ’
1454 325 1546 367 ἇνήρ.

326 379 467 420 Quorum
492 392 599 413 versus
616 386 762 423 quattuor
777 382 918 422 extremi,
943 383 990 415 sic
1005 383 1113 425 scripti
1129 383 1162 415 in
1178 383 1268 415 libris
1282 381 1370 424 (nam
1385 382 1424 415 ad
1439 385 1516 422 γοῦν
1530 383 1715 425 particulam
1731 388 1875 425 putamus

325 437 428 469 redire
443 448 523 479 quae
545 437 577 468 iu
601 448 639 468 ea
658 448 734 469 voce
750 438 836 470 varie
851 444 981 471 exarata
995 439 1090 480 sunt),
1107 438 1187 471 nihil
1202 439 1390 481 suspicionis
1405 444 1572 471 moverunt
1585 443 1657 471 aute
1672 439 1874 480 Meinekium,

326 494 379 534 qui
395 494 427 524 10
440 493 597 525 Vindiciis
610 493 852 535 Aristophaneis
864 506 894 536 p.
907 495 947 527 51
962 496 1096 537 primum
1108 496 1185 534 γοῦν
1195 495 1380 537 particulam
1393 495 1599 535 addubitavit,
1615 497 1686 535 περὶ
1697 494 1793 527 πότον
1804 496 1876 532 νοῦς

325 547 390 588 (vel
413 547 484 589 νῦν)
507 550 657 591 scriptum
680 549 778 581 fuisse
801 551 995 592 suspicatus;
1018 551 1091 583 dein
1111 551 1168 583 hos
1188 562 1297 583 versus
1316 562 1379 583 non
1395 561 1452 583 0110
1467 551 1577 583 ordine
1592 551 1653 592 legi
1669 551 1815 593 opinatus
1830 551 1876 582 sic

327 606 409 636 iuter
432 605 509 637 duas
533 616 683 647 personas
707 605 878 639 distribuit.

534 662 575 693 85
613 669 666 691 ΔΗ.
688 662 734 702 μὰ
756 664 804 694 Δί’
827 661 896 694 ἀλλ’
919 663 1056 703 ἄκρατον
1079 665 1165 695 ο1νον
1187 661 1318 701 ἀγαθοῦ
1338 663 1497 704 δαίμονος.

534 718 574 748 87
621 725 665 746 Νι.
689 717 761 750 ἰδού
781 718 809 757 r’
827 718 977 759 ἄκρατον·
1001 721 1072 759 περὶ
1093 718 1208 751 πότον
1229 720 1315 755 νοῦς
1336 719 1400 750 ἐστί
1420 728 1485 757 σοις

533 773 575 805 86
612 780 664 802 ΔΗ.
687 776 761 810 ἴσως
782 773 843 814 γὰρ
866 775 908 806 ἂν
928 774 1059 816 χρηστόν
1081 787 1109 806 π
1130 774 1417 816 βουλευσαίμεθ·
1438 774 1494 806 ἄν.

533 829 575 860 88
619 836 665 857 N!-
687 831 754 865 πῶς
776 830 804 860 δ’
819 830 861 861 ἂν
880 829 1011 870 μεθύων
1032 829 1163 871 χρηστόν
1185 842 1212 861 τι
1233 830 1429 870 βουλεύσαιῖ
1451 828 1540 871 ἀνήρ.

325 894 456 925 eamque
484 885 709 924 coniecturam,
739 896 801 927 qua
823 896 862 916 00
885 885 953 927 ipse
976 885 1102 927 quidem
1129 896 1203 917 usus
1227 891 1275 917 est
1301 885 1385 917 edito
1409 885 1632 928 Aristophane,
1662 895 1731 916 cum
1754 884 1876 916 Kockio

325 940 482 972 Velsenus
512 946 543 972 et
565 941 722 973 Zacherus
750 941 947 983 arripuerunt
973 941 1100 984 suisque
1126 942 1216 974 libris
1243 950 1403 984 tamquam
1425 953 1491 974 rem
1517 947 1633 974 certam
1657 946 1876 983 propagarunt.

326 995 397 1035 Quo
411 998 513 1038 magis
529 997 604 1028 utile
620 998 687 1037 erit,
705 997 782 1028 haec
797 1008 877 1039 quae
892 1009 950 1029 nos
967 1008 1030 1029 non
1046 1009 1212 1039 possumus
1228 1009 1290 1029 non
1306 998 1472 1029 temeraria
1485 998 1578 1039 plane
1594 1002 1625 1029 et
1635 998 1715 1029 talsa
1727 997 1874 1036 iudicare,

325 1052 572 1093 argumentando
595 1053 788 1084 convincere.
828 1052 1026 1094 Quamquam
1050 1053 1178 1085 difficile
1200 1058 1249 1085 001
1270 1054 1465 1094 convincere,
1489 1063 1619 1094 quorum
1644 1064 1755 1084 causas
1775 1052 1876 1084 nullas

325 1108 446 1139 adlatas
460 1108 576 1148 videas,
591 1114 624 1139 ut
640 1108 685 1139 nil
700 1109 761 1139 nisi
777 1109 941 1140 arbitrium
956 1109 1057 1140 critici
1069 1114 1284 1148 cognoscatur.
1313 1107 1376 1140 Sed
1387 1108 1580 1140 Meinekium
1592 1108 1719 1149 quidem
1731 1108 1792 1139 sibi
1805 1119 1876 1139 000-

325 1169 408 1195 stare
431 1164 624 1204 intelligitur,
649 1163 732 1205 quod
754 1164 787 1194 in
810 1175 847 1195 eo
863 1163 973 1195 ordine
989 1164 1142 1195 sermonis
1158 1175 1251 1206 quem
1266 1164 1387 1196 restitui
1404 1164 1505 1204 iussit,
1521 1166 1599 1203 γοῦν
1614 1163 1799 1206 particulam
1814 1174 1876 1195 non

324 1220 470 1251 toleravit
492 1220 547 1251 sed
571 1220 638 1251 eius
653 1219 723 1251 loco
739 1219 789 1251 vel
805 1221 878 1256 νοῦς
893 1220 943 1251 vel
958 1221 1015 1252 νῦν
1030 1220 1230 1252 scribendum
1247 1232 1315 1252 esse
1332 1221 1461 1252 censuit.
1497 1219 1602 1252 Ceteri
1617 1221 1669 1262 qui
1686 1232 1705 1251 a
1719 1219 1876 1251 Meinekio

325 1277 489 1316 probatam
513 1276 624 1310 seriem
649 1286 793 1306 versuum
817 1276 983 1316 accipiunt,
1008 1286 1078 1306 cum
1100 1277 1177 1314 γοῦν
1198 1276 1363 1315 retineant,
1388 1286 1446 1307 nec
1468 1276 1528 1307 hoc
1550 1276 1705 1317 explicare
1721 1280 1877 1317 poterunt,

324 1342 425 1373 neque
448 1331 628 1373 quidquam,
654 1336 810 1372 putamus,
835 1331 983 1372 efficiunt,
1008 1331 1090 1373 quod
1113 1333 1141 1370 γ’
1157 1330 1213 1363 οὖν
1236 1337 1400 1363 exarantes
1423 1332 1452 1363 ei
1475 1332 1580 1363 nescio
1603 1343 1697 1373 quam
1720 1332 1877 1374 propriam

324 1388 586 1428 significationem
609 1388 793 1419 attribuunt.
831 1388 942 1428 Itaque
965 1388 1024 1419 hoc
1047 1388 1198 1419 indicium
1221 1400 1282 1419 000
1306 1388 1526 1429 negligendum
1548 1392 1604 1428 est,
1629 1398 1699 1419 cum
1719 1388 1878 1429 quaeritur

325 1444 600 1474 sermocinantium
625 1444 708 1474 vices
731 1454 810 1484 quae
834 1448 907 1474 sunt
929 1443 961 1474 iu
986 1444 1074 1474 libris
1097 1443 1271 1474 tuendaene
1294 1444 1358 1475 sint
1380 1455 1419 1474 an
1443 1443 1647 1475 abiiciendae.
1687 1442 1751 1475 Sed
1774 1443 1876 1474 videa-

324 1511 394 1531 mus
417 1510 543 1531 cursum
566 1500 728 1531 sermonis.
763 1499 816 1530 Ad
839 1511 875 1531 ea
898 1511 977 1541 quae
997 1500 1106 1531 Nicias
1128 1500 1274 1542 proponit
1288 1498 1358 1540 (83)
1380 1501 1538 1540 βέλτιστον
1553 1499 1626 1540 ἢμτν
1641 1499 1719 1541 αἷμα
1735 1499 1877 1539 ταύρειον

326 1562 419 1592 πιεῖν,
442 1556 508 1587 scil.
525 1556 609 1591 ὅπως
631 1557 672 1586 ἂν
694 1554 911 1596 ἀποθάνωμεν
932 1553 1147 1595 ἀνδρικώτατα
1163 1554 1231 1595 (81)
1250 1556 1476 1587 Demosthenes
1497 1556 1541 1587 ita
1556 1555 1724 1597 respondet
1740 1555 1817 1595 (85),
1843 1560 1877 1586 ut

325 1613 357 1643 in
375 1611 506 1643 eandem
530 1612 681 1643 orationis
703 1611 833 1643 formam
858 1612 1045 1643 sententiam
1069 1611 1178 1643 fundat
1201 1612 1397 1652 contrariam,
1421 1611 1467 1652 μὰ
1482 1613 1528 1644 Δί’
1544 1609 1613 1644 ἀλλ’
1628 1611 1764 1652 ἄκρατον
1779 1613 1877 1648 οἶνον,

325 1668 385 1699 1100
408 1674 465 1708 001,
489 1680 552 1699 000
576 1667 719 1708 ταύρειον
740 1669 821 1708 αἷμα
844 1668 899 1699 sed
922 1667 1059 1708 ἄκρατον
1081 1669 1168 1699 οἴνον
1190 1667 1262 1709 ἡμῖν
1276 1668 1433 1708 βέλτιστον
1448 1674 1544 1700 mezu:
1566 1668 1649 1709 quod
1669 1679 1729 1709 quo
1745 1668 1877 1699 000οἱ110

324 1724 440 1765 iubeat,
464 1724 612 1766 quoniam
636 1735 699 1755 000
721 1724 831 1755 mortis
854 1723 1017 1755 obeundae
1040 1734 1143 1764 causa,
1167 1723 1250 1765 quod
1273 1723 1327 1755 ille
1342 1724 1490 1765 agitabat,
1515 1723 1731 1756 subindicatur
1751 1723 1877 1766 quidem

325 1780 388 1812 iam
411 1781 516 1813 verbis
539 1780 656 1812 additis
679 1779 810 1819 ἀγαθοῦ
831 1781 993 1821 δαίμονος,
1015 1780 1047 1812 11.
1063 1791 1089 1811 0.
1107 1781 1139 1812 in
1162 1780 1312 1812 honorem
1326 1780 1422 1812 fausti
1437 1781 1585 1821 numinis,
1609 1780 1663 1812 sed
1680 1780 1760 1812 nihil
1774 1781 1877 1822 aptius

325 1842 392 1868 erat
413 1837 445 1867 in
470 1837 529 1868 hac
551 1836 733 1868 diversitate
756 1836 888 1875 consilii,
913 1847 1007 1877 quam
1030 1836 1137 1867 statim
1160 1836 1233 1867 addi
1257 1841 1289 1867 01
1311 1841 1416 1877 aperte
1440 1836 1511 1876 dici,
1535 1836 1603 1877 ipse
1624 1836 1699 1877 quid
1719 1841 1878 1877 exspectet

324 1904 344 1923 a
366 1903 423 1924 0110
446 1892 586 1932 consilio,
611 1903 673 1934 quo
696 1903 816 1924 merum
839 1892 947 1924 vinum
969 1903 1033 1924 non
1056 1892 1137 1923 tauri
1157 1892 1344 1934 sanguinem
1365 1891 1537 1933 potandum
1559 1892 1718 1934 proponit:
1741 1891 1878 1933 ἄκρατον

325 1950 411 1981 ο1νον
438 1947 569 1988 ἀγαθοῦ
593 1949 743 1989 δαίμονος
769 1947 841 1989 ἡμῖν
869 1949 1025 1988 βέλτιστον
1047 1954 1140 1980 merv-
1161 1950 1235 1985 ἴσως
1255 1947 1319 1989 γὰρ
1341 1948 1383 1980 ἂν
1403 1947 1534 1989 χρηστόν
1560 1960 1587 1980 τι
1609 1949 1877 1989 βουλευσαίμεθα.-

324 2005 475 2036 faciamus
497 2004 558 2036 hoc
580 2004 664 2046 quod
687 2004 816 2036 suadeo:
840 2004 973 2036 fortasse
995 2005 1080 2036 enim
1102 2005 1263 2046 continget
1285 2010 1319 2036 ut
1334 2005 1422 2045 probi
1438 2004 1514 2046 quid
1530 2004 1652 2036 consilii
1668 2004 1876 2037 inveniamus.

325 2063 375 2092 ἴθι
398 2060 436 2102 δὴ
459 2060 595 2093 xoe'zsm'·
612 2064 685 2097 ἴσως
706 2060 767 2102 γὰρ
790 2058 968 2098 ἀναπείσεις
983 2061 1049 2102 ἐμέ,
1064 2061 1167 2103 inquit
1181 2060 1355 2093 Mercurius
1370 2061 1403 2092 in
1419 2060 1501 2093 Pace
1515 2059 1617 2101 (405).
1646 2059 1760 2102 Quam,
1784 2072 1877 2104 quae-

326 2129 441 2158 sumus,
463 2118 639 2160 propiorem
659 2129 729 2149 esse
744 2128 837 2159 posse
853 2118 1105 2149 coniunctionem
1121 2122 1212 2159 putes
1227 2128 1322 2159 quam
1337 2128 1415 2159 quae
1431 2122 1480 2149 est
1494 2118 1576 2149 inter
1590 2128 1700 2149 versus
1720 2118 1762 2149 85
1777 2123 1809 2149 et
1823 2118 1875 2150 86.

326 2173 390 2206 Sed
413 2185 521 2206 versus
544 2174 623 2206 alter
638 2185 745 2206 eorum
767 2172 837 2215 (86)
852 2177 925 2211 ἴσως
939 2174 1000 2214 γὰρ
1015 2175 1056 2206 ἂν
1070 2173 1200 2215 χρηστόν
1214 2186 1242 2205 τι
1255 2174 1521 2215 βουλευσαίμεθα,
1536 2174 1591 2216 qui
1606 2174 1701 2215 priori
1718 2180 1781 2205 tam
1798 2174 1877 2205 bene

326 2230 557 2270 adnectebatur,
582 2230 609 2261 si
632 2230 742 2261 Niciae
765 2231 869 2262 verbis
891 2229 962 2262 ἰδού
983 2231 1011 2269 γ’
1030 2229 1181 2270 ἄκρατον·
1205 2231 1276 2270 περὶ
1297 2231 1395 2261 ποιοῦ
1416 2230 1493 2268 γοῦν
1514 2230 1578 2261 ἐστί
1599 2240 1647 2261 σοι
1669 2230 1875 2272 postponitur,

325 2287 398 2318 ilico
421 2297 460 2318 ex
483 2298 541 2318 sua
562 2287 669 2318 nativa
691 2287 836 2319 iunctura
858 2287 978 2319 solutus
1002 2286 1137 2329 pendere
1159 2286 1284 2329 incipit:
1306 2297 1380 2319 nam
1395 2286 1423 2318 si
1439 2286 1509 2328 quis
1524 2285 1769 2319 Demosthenem
1785 2285 1825 2318 ad
1841 2297 1878 2318 ea

324 2344 514 2385 respondere
530 2344 614 2383 velit,
632 2348 666 2374 ut
681 2343 816 2375 affirmet
825 2343 914 2375 ‘sane
929 2349 979 2375 est
994 2343 1071 2375 mihi
1086 2344 1158 2383 περὶ
1171 2341 1280 2375 Μωῢ’
1295 2343 1405 2374 addita
1418 2354 1515 2374 causa
1529 2345 1602 2379 ἴσως
1615 2342 1677 2383 γὰρ
1692 2343 1733 2374 ἂν
1747 2342 1877 2383 χρηστόν

324 2411 352 2430 τι
373 2400 640 2440 βουλευσαίμεθα,
662 2398 726 2431 0101
747 2399 777 2431 ei
792 2404 993 2442 praesumpta
1007 2398 1114 2442 opinio
1130 2398 1255 2439 officiat,
1272 2398 1428 2440 intelligat
1441 2409 1570 2431 necesse
1585 2403 1642 2439 est,
1666 2409 1728 2430 non
1745 2398 1803 2430 hoc
1818 2398 1874 2438 illi,
