2118 2784
1092 141 1112 173 8

322 239 385 259 non
409 228 453 259 ita
475 239 545 259 raro
572 228 665 269 paulo
692 228 822 259 liberius
846 227 941 259 verba
962 228 996 259 in
1018 239 1112 260 versu
1134 228 1318 267 collocasse,
1343 238 1424 269 quae
1446 238 1497 259 res
1521 227 1572 259 hic
1594 226 1661 259 illic
1687 227 1874 260 emendandi

323 284 452 325 cupidos
476 284 619 315 irretivit.
649 283 768 314 Verum
791 294 874 314 nunc
898 284 994 314 verba
1016 283 1152 320 πλεύσας
1173 285 1269 315 ἐκεῖσε
1291 284 1336 315 ita
1358 283 1461 315 media
1482 283 1516 314 in
1538 283 1598 314 hac
1620 283 1719 315 altera
1733 284 1873 315 orations

321 341 424 381 posita
447 347 528 380 sunt,
553 346 587 371 ut
609 341 649 372 ab
672 351 710 371 ea
731 340 854 381 seiungi
878 351 916 371 ne
940 340 970 371 vi
993 340 1120 381 quidem
1142 351 1236 382 posse
1259 340 1436 372 videantur:
1460 339 1530 377 τοὺς
1551 341 1585 371 ἐκ
1607 339 1716 372 Πύλου
1737 339 1874 377 πλεύσας

322 397 413 427 taetus
433 396 502 432 τοὺς
518 396 675 432 Λάκωνας
696 395 824 436 ἤγαγον.
859 395 952 435 Quod
975 396 1003 427 si
1026 397 1071 427 ita
1093 401 1149 436 est,
1173 396 1368 438 intelligitur,
1392 407 1454 428 non
1470 396 1547 427 satis
1561 401 1634 438 apte
1648 396 1689 427 iis
1703 397 1873 438 separatim

322 453 480 493 praemitti
504 453 600 484 verba
621 453 675 484 τὸν
697 452 867 493 στρατηγὸν
891 451 1099 493 ὖποδραμοίν,
1128 452 1156 483 si
1179 452 1307 493 quidem
1335 453 1413 484 hacc
1435 452 1474 484 ad
1497 451 1743 484 Demosthenem
1765 453 1874 485 referri

322 519 400 550 opus
423 512 480 541 est.
511 508 622 551 Itaque
646 508 840 541 redeundum
863 513 911 541 est
933 508 973 540 ad
996 508 1182 551 scripturam
1204 508 1356 541 librorum
1370 508 1434 541 fide
1448 513 1607 551 acceptam
1622 509 1684 541 ταῖν
1697 509 1874 551 στρατηγῦν

323 564 569 605 ὑποδραμόντων
583 567 618 597 ἐκ
634 565 750 605 Πύλου,
775 577 855 607 quae
878 566 1002 597 facilem
1025 566 1214 606 explicatum
1237 565 1365 597 habent.
1397 566 1446 597 Ea
1468 567 1550 597 enim
1572 577 1634 597 non
1658 571 1791 607 possunt
1810 567 1873 598 nisi

322 620 359 651 ad
385 632 434 652 res
457 626 562 662 gestas
580 621 715 653 Athenis
738 628 810 653 ante
826 621 1052 664 profectionem
1067 619 1196 653 Cleonis
1212 625 1243 652 et
1258 620 1298 652 ad
1314 621 1535 653 contumeliam
1550 621 1660 653 Niciae
1675 621 1708 653 in
1724 622 1873 654 concione

322 678 362 709 ab
386 689 423 710 eo
449 678 564 710 factam
592 679 703 711 redire.
748 678 838 718 Quae
862 690 932 710 cum
960 690 979 710 a
1001 678 1186 720 Thucydide
1213 678 1257 710 ita
1282 678 1459 719 tradantur,
1482 685 1517 711 ut
1542 677 1692 711 Cleonem
1719 679 1873 712 dicentem

321 734 416 765 faciat
439 734 486 772 (tv
502 733 567 775 27),
592 736 645 766 καὶ
667 736 699 772 ἐς
715 738 827 767 Νικίαν
850 734 904 766 τὸν
920 733 1094 775 Νικηράτου
1117 733 1285 776 στρατηγὸν
1304 733 1380 766 ὄντα
1395 732 1618 776 ἀπεσήμαινεν,
1633 735 1748 776 ἐχθρὸς
1763 735 1808 767 ὢν
1821 737 1874 767 καὶ

321 791 481 830 ἐπιτιμῶν,
504 791 615 832 ῥᾴδιον
637 794 717 824 εἶναι
740 793 930 836 παρασκευῇ,
952 793 980 823 εί
1002 790 1114 832 ἄνδρες
1136 793 1199 823 εἶεν
1221 791 1251 823 οἳ
1274 794 1446 833 στρατηγοί,
1468 791 1655 829 πλεύσαντες
1676 793 1785 833 λαβεῖν
1803 792 1874 830 τοὺς

321 847 356 878 ἐν
371 848 405 890 τῇ
420 846 514 888 νήσῳ,
529 850 582 878 καὶ
597 846 690 883 αὐτός
701 850 728 886 γ’
741 848 792 884 ἄν,
807 849 835 878 εἰ
849 846 951 888 ἦρχεν,
967 848 1093 888 ποιῆσαι
1107 848 1195 879 τοῦτο
1211 852 1243 878 et
1258 847 1350 888 paulo
1364 851 1437 889 post
1452 847 1548 879 addat
1566 846 1663 884 αὖθις
1681 848 1716 879 δὲ
1731 847 1749 879 ὃ
1764 851 1873 885 Νικίας

322 904 441 935 ἐκέλευε
464 905 517 935 καὶ
531 904 669 942 ἐξίστατο
692 905 743 945 τῆς
765 904 816 935 ἐπὶ
840 903 936 944 Πύλῳ
959 901 1065 944 ἀρχῆς,
1089 904 1166 936 satis
1189 908 1319 946 apparet
1341 915 1402 946 quo
1425 904 1491 936 iure
1507 902 1608 937 Cleon
1622 904 1873 947 Aristophaneus

325 959 428 990 dicere
451 961 587 1000 potuerit
610 960 805 1000 praetoribus
828 971 847 990 a
863 959 941 999 Pylo
964 959 1265 1000 subterfugientibus
1289 970 1322 990 se
1342 959 1417 990 illuc
1433 960 1599 1000 navigasse
1615 966 1646 991 et
1660 960 1803 992 Laconas
1819 961 1873 992 ad-

322 1014 459 1046 duxisse.
492 1014 580 1054 Quae
604 1015 643 1047 ab
660 1014 883 1057 Aristophanis
907 1020 1011 1046 mente
1035 1025 1097 1046 non
1121 1015 1289 1046 abhorrere
1312 1014 1429 1047 indicio
1453 1015 1517 1047 sint
1538 1026 1619 1057 quae
1642 1014 1740 1048 Cleon
1764 1028 1794 1049 v.
1809 1017 1874 1049 355

321 1070 398 1101 dicit
418 1071 498 1106 ὅστις
517 1070 613 1106 εὐθὺς
633 1070 768 1103 θύννεια
784 1070 891 1110 θερμὰ
905 1070 1112 1111 καταφαγών,
1128 1069 1193 1101 κᾶτ’
1208 1070 1342 1102 emmau
1357 1069 1494 1111 ἆκρᾰτου
1508 1074 1595 1103 οἴνου
1609 1073 1668 1111 χοᾶ
1684 1072 1873 1112 κασαλβάσω

321 1125 391 1162 τοὺς
403 1127 438 1158 ἒν
452 1126 548 1167 Πύλῳ
565 1125 752 1168 σιρατηγούς
767 1126 838 1158 coll.
851 1137 881 1158 v.
892 1126 966 1158 358.
995 1126 1213 1168 Allantopoles
1229 1131 1343 1166 autem,
1361 1126 1443 1168 quod
1459 1127 1551 1159 istam
1566 1128 1767 1160 iactationem
1783 1126 1873 1161 Cleo-

322 1183 372 1214 nis
397 1183 445 1214 his
471 1184 574 1215 verbis
598 1183 734 1214 ludibrio
757 1183 852 1214 habet

685 1238 745 1277 ἐγώ
770 1238 804 1269 δὲ
827 1239 1006 1278 περιπατῶν
1027 1240 1055 1276 γ’
1072 1237 1128 1269 ἀπ’
1151 1239 1350 1278 ἐργαστηρίου

683 1296 816 1336 ἕψοντος
839 1293 944 1334 ἑτέρου
966 1293 1020 1336 τὴν
1041 1293 1158 1335 χύτραν
1180 1293 1363 1337 ὑφειλόμην,

321 1362 384 1381 non
401 1357 448 1382 est
463 1352 545 1392 quod
572 1353 782 1392 vituperemus
798 1357 852 1382 aut
867 1351 906 1381 ad
923 1362 1029 1382 eorum
1046 1362 1188 1382 normam
1204 1352 1365 1392 superiora
1380 1352 1556 1392 exigamus:
1579 1352 1726 1382 nimirum
1741 1352 1794 1383 ille
1810 1363 1873 1384 non

324 1406 383 1438 hoc
406 1407 478 1447 egit,
504 1417 565 1449 quo
589 1407 669 1438 nihil
692 1418 769 1448 opus
793 1412 868 1447 erat,
893 1412 927 1438 ut
947 1407 1072 1448 singula
1091 1407 1223 1448 singulis
1244 1407 1478 1449 responderent,
1503 1406 1558 1438 sed
1579 1407 1724 1439 universe
1744 1407 1873 1440 Cleonis

320 1463 443 1496 facinus
460 1464 652 1495 luculentum
669 1464 760 1506 quale
776 1464 870 1495 fuerit
885 1464 1024 1496 ostendit
1039 1464 1184 1496 collatum
1202 1475 1272 1495 eum
1289 1475 1325 1495 eo
1341 1464 1394 1506 qui
1411 1464 1492 1495 nihil
1503 1475 1599 1505 agens
1612 1470 1763 1506 coquente
1775 1465 1872 1497 altero

321 1520 415 1551 ollam
431 1521 459 1551 ei
481 1521 647 1561 subripuit.
683 1519 788 1560 Quare
804 1520 961 1551 Kockium
978 1521 1154 1561 probamus,
1179 1521 1233 1562 qui
1249 1531 1437 1562 quamquam
1453 1521 1485 1551 in
1502 1520 1632 1552 eandem
1649 1532 1718 1553 cum
1734 1519 1873 1564 Sauppio

321 1577 532 1617 opinationem
550 1577 712 1616 inciderat,
729 1581 834 1608 tamen
852 1588 919 1608 eam
932 1582 1117 1618 aspernatus
1129 1578 1256 1618 propius
1269 1589 1288 1608 a
1299 1577 1448 1609 librorum
1462 1577 1616 1619 scriptura
1631 1577 1730 1609 edidit
1751 1578 1797 1610 ὅτι
1811 1580 1873 1610 τῦν

321 1634 499 1673 στρατηγῶν
514 1631 750 1674 ῦποτρεμόντων
765 1633 799 1664 ἐκ
817 1633 930 1673 Πύλου,
955 1633 1015 1663 nisi
1032 1633 1114 1674 quod
1131 1640 1162 1663 et
1178 1633 1216 1664 de
1234 1633 1321 1664 verbi
1337 1633 1437 1664 forma
1451 1633 1491 1664 ab
1507 1644 1544 1665 eo
1559 1634 1704 1665 restituta
1719 1634 1873 1666 dubitatio

321 1689 429 1720 haeret
452 1695 483 1720 et
506 1689 544 1720 de
567 1689 741 1721 rationibus
765 1689 878 1730 quibus
902 1689 988 1720 illam
1011 1689 1196 1730 scripturam
1221 1689 1406 1720 confirmare
1429 1689 1557 1721 studuit.

475 1754 500 1776 11
523 1743 646 1776 Chorus
657 1745 808 1786 Equitum
820 1749 1023 1786 posteaquam
1036 1755 1127 1776 suum
1143 1744 1220 1775 illud
1236 1751 1310 1776 παῖε
1325 1750 1398 1776 παῖε
1413 1744 1467 1777 τὸν
1477 1746 1657 1786 πανοῦργον
1670 1746 1734 1777 κτλ.
1745 1744 1873 1786 (247)*)

474 1854 500 1888 ⁸)
519 1856 594 1888 Quod
614 1854 680 1881 dicit
698 1854 770 1887 (249)

680 1903 725 1928 καὶ
742 1902 892 1937 πανοῦργον
909 1903 953 1928 καὶ
971 1903 1131 1938 πανοῦργον·
1155 1900 1276 1932 πολλάκις
1293 1902 1346 1938 γὰρ
1364 1902 1417 1929 αὕτ’
1428 1903 1486 1938 ἐρῶ.

681 1951 726 1976 καὶ
742 1949 795 1984 γὰρ
814 1946 885 1979 οὗτος
902 1946 933 1982 ἦν
950 1952 1097 1984 πανοῦργος
1113 1947 1234 1980 πολλάκις
1252 1950 1292 1981 τῆς
1310 1950 1415 1986 ἡμέρας,

319 1997 440 2030 loquitur
458 2000 490 2023 ut
507 1996 655 2023 Hermiona
672 1996 700 2022 in
722 1996 860 2030 Euripidis
880 1996 1072 2023 Andromacha
1093 1997 1144 2022 943
1162 1998 1216 2023 ἀλλ’
1229 1996 1314 2023 οὔποτ’
1326 1996 1420 2028 οὔποτ’,
1438 1997 1468 2023 οὗ
1484 1996 1536 2032 γὰρ
1554 1995 1661 2028 εἰσάπαξ
1679 2000 1738 2034 ἐρῶ,
1753 1998 1804 2035 χρὴ
1815 1997 1870 2027 τούς

318 2055 348 2078 γε
366 2045 427 2070 νοῦν
445 2046 549 2079 ἔχοντας
567 2046 627 2075 κτλ,
645 2043 688 2070 cui
707 2043 807 2070 similla
826 2046 890 2070 Sunt
908 2043 935 2069 in
955 2043 1095 2070 phoeniss.
1116 2044 1183 2070 1335

582 2095 655 2116 ΑΓΓ.
683 2089 704 2116 ὦ
722 2093 797 2120 τάλας
815 2089 875 2124 ἐγώ,
894 2093 940 2116 τίν’
953 2092 1015 2116 εἴπω
1032 2091 1121 2125 μῦθον
1134 2110 1140 2116 .
1154 2110 1160 2116 .

601 2142 655 2164 ΚΡ.
681 2137 827 2173 οἰχόμεσθ’·
846 2137 893 2164 οὐκ
911 2136 1085 2173 εὐπροσώποις
1101 2141 1235 2174 φροιμίοις
1253 2138 1326 2173 ἄρχει
1343 2136 1428 2173 λόγον.

581 2190 655 2212 Ars.
683 2184 704 2211 ὦ
721 2184 807 2217 τάλας,
825 2186 918 2215 δισσῶς
935 2186 1013 2211 ἀυτῶ·
1035 2184 1139 2220 μεγάλα
1156 2186 1208 2220 γὰρ
1225 2187 1297 2219 φέρω
1314 2184 1389 2212 nand.

319 2237 347 2258 et
366 2232 438 2265 apud
457 2232 622 2264 Aeschylum
641 2232 753 2258 Eumen.
766 2232 817 2258 992
831 2235 944 2266 χαίρετε,
958 2235 1060 2267 χαίρετε
1078 2233 1103 2257 δ’
1115 2229 1202 2263 αὖθις,
1221 2233 1274 2257 ἐπεὶ
1293 2233 1418 2262 διπλοίςω.

319 2283 347 2307 et
365 2280 482 2313 Choeph.
495 2280 546 2306 868

681 2329 753 2362 οἶμοι
771 2330 897 2362 πανοίμοι
915 2326 1037 2354 δεσπότου
1055 2326 1205 2360 τεθνηκότος

681 2376 752 2409 οἴμοι
768 2373 830 2410 μάλ’
842 2372 919 2404 αὖθις
937 2376 965 2400 ἐν
983 2377 1073 2410 τρίτοις
1090 2376 1315 2409 προσφθέγμασιν.

319 2426 348 2449 et
365 2422 436 2456 apud
455 2421 600 2449 Horatium
