2118 2784
1069 135 1109 166 14

321 230 393 250 nam
424 220 509 251 cives
536 226 609 251 sunt
635 221 755 262 equites
783 231 844 251 non
874 221 978 252 minus
1005 231 1097 261 quam
1120 219 1306 257 ὑπεύθυνοι,
1329 220 1383 251 sed
1406 220 1620 262 abutrisque,
1644 221 1698 262 qui
1720 220 1875 262 peculiare

320 287 418 317 genus
442 276 557 307 civium
580 277 783 315 constituunt,
809 276 943 308 discedit
965 275 999 307 τὸ
1016 276 1139 317 πλῆθος
1154 277 1215 309 τῶν
1230 276 1374 308 πολιτῶν.
1408 275 1451 307 Et
1465 287 1527 318 quo
1541 277 1643 318 ‘magis
1659 277 1873 319 perspiciatur,

321 332 398 364 duas
422 339 528 374 partes
554 344 622 364 esse
647 333 737 364 unius
754 334 937 372 sententiae,
962 343 1040 373 quas
1056 343 1112 364 suo
1128 333 1283 364 connexui
1299 332 1502 372 reddidimus,
1519 332 1596 363 illud
1613 333 1873 365 considerandum

321 394 377 426 est,
403 389 495 420 huius
519 389 692 420 sententiae
717 389 991 420 conformationem
1014 389 1105 430 plane
1121 399 1298 429 comparem
1314 399 1384 420 esse
1400 388 1427 419 ei
1444 398 1523 430 quae
1539 388 1711 430 praecessit
1726 388 1765 420 de
1779 387 1874 421 ὑπευ-

320 444 431 476 θύνων
454 445 545 476 rebus
569 450 600 475 et
624 444 771 476 miseriis:
796 450 927 486 utraque
951 446 1033 476 enim
1050 444 1158 476 harum
1175 445 1332 477 sententia
1347 450 1451 487 partes
1469 445 1563 476 habet
1577 444 1654 476 duas
1670 444 1796 477 easdem
1817 444 1873 477 sed

319 501 428 531 ordine
456 502 611 532 contrario
640 506 672 532 et
701 501 856 542 pleniores
884 501 990 540 altera,
1019 501 1118 532 altera
1144 501 1312 533 breviores.
1356 501 1483 533 Etenim
1512 505 1546 532 ut
1566 505 1639 533 ante
1658 500 1739 533 dixit
1761 500 1873 532 chorus

318 556 410 597 (259)
425 555 669 594 ἇποσυκοίζεις
685 557 756 594 τοὺς
771 556 968 595 ὑπευθύνους
986 558 1106 589 σκοπῶ
1112 569 1131 590 ν
1144 556 1223 594 ὅστις
1239 555 1336 589 auito?
1342 570 1360 590 ν
1375 560 1483 590 πέπων
1497 558 1592 595 ἐστίν,
1608 558 1655 590 sic
1671 557 1744 589 dein
1759 557 1870 589 eadem

319 620 350 644 et
373 614 495 654 plenius
518 615 642 645 inverso
666 614 774 645 ordine
790 613 882 654 (264)
905 617 958 645 καὶ
980 621 1129 650 σκοπῆς
1151 616 1211 646 τῶν
1233 615 1369 646 mimir
1382 615 1463 651 ὅστις
1477 615 1561 646 3012»
1574 608 1731 655 o'tpvoxaiv,
1747 615 1799 645 καὶ
1813 613 1871 645 ἐάν

318 671 374 700 τιν’
391 682 410 700 α
420 668 510 701 {mair
523 671 604 710 γνῷς
620 667 823 710 ἀπράγμονα,
835 669 1070 711 ἐνεκολήβασας.
1101 670 1151 701 11Ιί
1170 681 1241 702 vero
1256 675 1440 711 argumento
1455 681 1513 702 nos
1528 669 1608 702 nihil
1624 670 1800 709 tribuimus,
1811 680 1872 711 quo

318 725 474 756 Zacherus
496 727 556 757 sibi
582 727 667 757 visus
691 730 740 758 est
762 722 985 767 transponendi
1008 737 1160 758 conamen
1183 726 1374 757 confutasse:
1398 725 1467 757 ‘sed
1490 726 1536 757 sic
1562 726 1609 757 bis
1636 725 1730 765 idem,
1758 725 1870 767 inquit,

319 781 356 811 de
380 781 491 812 iisdem
516 781 634 812 diceret
653 781 881 823 Aristophanes
905 780 1036 822 (τρέμων
1055 780 1092 812 τὰ
1114 781 1281 822 πράγματα
1301 797 1341 803 ·-
1362 779 1575 822 ἆπράγμον·).’
1615 781 1695 813 Nam
1711 782 1764 823 qui
1780 781 1872 813 huius

317 838 467 868 orationis
495 843 636 868 naturam
664 838 788 878 penitus
815 838 1142 878 perspexerit‚ssquam
1170 838 1307 870 traiectis
1337 838 1477 868 versibus
1506 837 1706 873 restituimus.
1736 848 1797 868 non
1825 838 1871 868 in·

316 893 469 924 fitiabitur
496 893 564 925 sine
591 893 655 925 ulia
682 893 854 925 offensione
882 893 930 924 bis
953 893 1036 925 idem
1061 892 1099 924 de
1121 893 1234 925 iisdem
1256 893 1318 925 dici
1338 894 1486 935 potuisse,
1513 894 1546 925 in
1572 893 1631 925 hac
1655 893 1776 925 scilicet
1802 904 1870 925 sen-

318 950 416 980 tentia
438 960 519 990 quae
543 950 592 980 vel
616 949 696 980 hanc
719 949 995 980 conformationem
1018 949 1147 989 ferebat,
1172 956 1294 985 σκοπεῖς
1316 951 1378 981 τῶν
1400 950 1536 981 πολιτῶν
1557 948 1639 986 ὅστις
1658 949 1804 986 πλούσιος
1819 951 1872 981 καὶ

317 1008 436 1045 τρέμων
459 1005 496 1036 τὰ
520 1005 701 1046 πράγματα,
724 1005 783 1036 κᾶν
806 1006 860 1036 τιν’
876 1003 979 1036 αὐτῶν
993 1006 1074 1045 γνῷς
1096 1006 1263 1037 τοιοῦτον
1285 1005 1382 1037 ὄντα.
1416 1003 1478 1036 Sed
1495 1016 1534 1036 ne
1549 1010 1623 1037 sunt
1637 1005 1763 1047 quidem
1779 1005 1871 1047 plane

317 1061 427 1091 eadem
457 1066 585 1102 utroque
608 1061 693 1099 loco,
722 1072 801 1102 quae
824 1061 877 1091 ille
900 1060 1008 1091 eadem
1033 1061 1121 1100 dixit,
1146 1066 1177 1092 et
1199 1061 1308 1092 scitius
1331 1062 1425 1092 etiam
1450 1061 1676 1102 Aristophanes
1699 1061 1870 1092 orationem

316 1116 472 1156 formavit,
498 1122 532 1147 ut
553 1117 597 1147 ita
619 1116 745 1156 diceret,
764 1115 991 1157 ‘circumspicis
1015 1116 1129 1147 civium
1152 1117 1206 1158 qui
1228 1116 1270 1148 sit
1291 1116 1438 1153 πλούσιος
1461 1118 1513 1147 καὶ
1535 1115 1577 1157 μὴ
1597 1117 1730 1158 πονηρὸς
1741 1118 1794 1148 καὶ
1808 1118 1871 1158 τρέ-

316 1185 385 1212 μων
408 1171 446 1203 τοὶ
470 1172 652 1212 πράγματα,
676 1178 707 1203 et
729 1173 756 1203 si
779 1184 873 1213 quem
891 1173 1001 1203 horum
1017 1172 1186 1204 offenderis
1202 1183 1310 1204 secure
1326 1172 1474 1211 desidem,
1491 1173 1728 1214 necopinantem
1745 1183 1870 1214 oppres-

316 1226 417 1267 sisti’3
441 1239 513 1259 nam
539 1229 593 1269 qui
615 1230 717 1268 τρέμει
739 1228 776 1258 τά
801 1227 971 1268 πράγματα
994 1239 1055 1259 non
1080 1233 1128 1259 est
1143 1228 1260 1259 idcirco
1276 1226 1486 1269 ἆπράγμων*)
1503 1233 1535 1259 et
1548 1228 1640 1260 huius
1657 1229 1719 1260 vim
1735 1229 1870 1261 nominis

316 1284 470 1315 adiectum
498 1283 630 1325 κεχηνώς
657 1283 710 1324 (cf.
728 1284 806 1324 ‘155;
830 1283 911 1316 Rau.
928 1284 1005 1322 990)
1030 1284 1185 1325 patefacit,
1213 1295 1293 1325 quae
1316 1284 1377 1316 duo
1401 1285 1566 1316 coniuncta
1588 1284 1802 1326 plenissimam
1824 1285 1868 1316 in—

315 1341 484 1380 cogitantis
507 1340 681 1372 socordiam
706 1340 882 1380 designant.

470 1395 506 1427 In
535 1396 592 1427 hos
620 1396 716 1437 igitur
739 1396 822 1427 cives
847 1394 946 1427 Cleon
971 1395 1234 1437 sycophantarum
1257 1406 1343 1427 more
1366 1396 1430 1427 suis
1453 1395 1575 1427 technis
1599 1407 1673 1428 usus
1697 1407 1767 1428 esse
1793 1397 1869 1428 insi·

315 1452 464 1490 mulatur3
495 1453 549 1493 qui
576 1452 690 1493 quibus
717 1452 819 1482 modis
843 1458 874 1483 et
889 1452 1009 1492 vquibus
1032 1451 1196 1482 calumniis
1220 1452 1358 1492 privatos
1381 1451 1522 1482 homines
1546 1462 1660 1482 vexare
1683 1451 1794 1483 solitus
1817 1452 1867 1491 sit,

314 1508 382 1548 ipse
406 1508 444 1538 de
468 1519 501 1538 se
525 1508 686 1548 profitetur
710 1519 739 1538 v.
757 1508 820 1538 774

575 1563 608 1598 ὃς
631 1564 738 1602 πρῶτα
761 1565 830 1602 μέν,
853 1561 927 1602 ἡνίκ’
950 1561 1129 1602 ἐβούλευον,
1152 1563 1200 1593 σοὶ
1222 1560 1363 1603 χρήματα
1387 1562 1500 1594 πλεῐστ“
1523 1560 1673 1600 ἀπέδειξα

575 1619 610 1650 ἐν
633 1621 674 1660 τῷ
696 1621 800 1659 κοινῷ,
823 1618 894 1654 τοὺς
915 1620 972 1659 μὲν
996 1618 1161 1658 στρεβλῶν,
1184 1616 1253 1654 τούς
1276 1618 1304 1649 δ’
1320 1618 1436 1658 ἄγχων,
1459 1618 1531 1655 τοὺς
1553 1619 1588 1650 δὲ
1602 1620 1762 1659 μεταιτῶν,

574 1673 612 1706 οἷ)
633 1675 804 1716 φροντίζων
827 1678 888 1706 τῶν
911 1675 1042 1706 ἰδιωτῶν
1065 1672 1202 1711 οὐδενός,
1225 1675 1253 1705 ⁶2
1275 1676 1322 1705 σοὶ
1345 1677 1516 1715 χαριοίμην.

314 1732 405 1763 Nunc
431 1742 502 1769 vero
526 1731 608 1773 quod
633 1732 743 1771 civem,
769 1732 795 1763 si
820 1731 889 1773 quis
912 1731 1042 1763 idoneus
1066 1731 1230 1763 obvenerit
1252 1742 1345 1772 quem
1367 1731 1501 1762 fallaciis
1525 1732 1589 1763 suis
1613 1737 1644 1763 et
1663 1731 1867 1763 insimulatio—

314 1789 406 1819 nibus
430 1788 548 1828 perdat,
573 1799 592 1818 a
609 1786 806 1819 Cherroneso
830 1788 999 1818 abduxisse
1020 1793 1051 1817 et
1065 1787 1202 1818 Athenis
1218 1787 1337 1818 artibus
1354 1787 1418 1817 suis
1434 1787 1586 1817 irretitum
1603 1798 1727 1827 pessum
1744 1787 1867 1818 dedisse

313 1844 436 1883 dicitur,
461 1849 590 1886 apparet
613 1843 747 1885 exempli
772 1854 866 1875 causa
888 1843 1007 1886 aliquid
1030 1843 1145 1886 proprii
1163 1843 1195 1874 in
1212 1843 1367 1875 sententia
1383 1843 1528 1875 universa
1542 1842 1660 1884 afferri;
1676 1843 1760 1886 quod
1775 1844 1867 1886 quale

312 1901 405 1932 fuerit
429 1902 480 1932 vix
503 1906 607 1941 potest
629 1901 735 1941 fugere
756 1912 835 1939 eum,
861 1902 886 1931 si
905 1901 983 1941 quis,
1001 1911 1062 1941 quo
1079 1899 1267 1937 Cherronesi
1284 1901 1401 1930 mentio
1416 1900 1497 1930 facta
1513 1900 1607 1938 ducit,
1624 1900 1865 1931 Atheniensium

312 1955 488 1996 κληρούχων
510 1956 664 1987 fortunam
690 1960 721 1986 et
744 1955 960 1987 condicionem
984 1955 1168 1995 meminerit,
1194 1956 1245 1997 qui
1270 1966 1340 1986 cum
1364 1956 1448 1986 cives
1472 1960 1578 1986 essent
1599 1955 1810 1987 Athenienses
1833 1956 1865 1987 in

313 2012 508 2044 Cherroneso
533 2011 668 2043 Thracia
690 2018 745 2043 aut
766 2012 798 2043 in
822 2012 934 2044 insulis
959 2013 1054 2043 vitam
1078 2012 1233 2052 degebant
1249 2017 1280 2043 et
1295 2023 1386 2052 saepe
1403 2011 1515 2043 divites
1532 2023 1570 2042 ex
1587 2012 1774 2052 pauperibus
1790 2012 1866 2043 facti

467 2130 492 2161 ³)
512 2131 569 2157 Non
585 2138 667 2164 saepe
680 2138 746 2157 usus
760 2135 804 2157 est
816 2131 865 2156 hoc
879 2130 986 2157 nomine
999 2130 1204 2163 Aristophanes,
1217 2130 1287 2163 quod
1301 2134 1396 2163 suapte
1410 2134 1509 2157 natura
1522 2129 1624 2162 aliquid
1635 2129 1756 2163 ambigui
1769 2130 1864 2161 habet;

311 2186 363 2210 quo
382 2177 469 2211 magis
491 2178 558 2204 haec
578 2178 689 2204 duorum
714 2178 904 2204 vocabuiorum
923 2177 1050 2204 iunctura
1069 2177 1237 2204 attendenda
1256 2181 1307 2204 est.
1335 2177 1371 2204 Ut
1389 2177 1529 2203 mittamus
1547 2176 1597 2204 Av.
1616 2177 1650 2203 44
1669 2175 1746 2203 τόπον
1763 2177 1865 2213 ἀπράγ-

310 2236 389 2260 μονα,
408 2225 435 2251 in
450 2225 530 2258 Vesp.
547 2226 612 2251 1040
630 2227 672 2252 Im*
690 2228 771 2252 τοῖσιν
788 2224 958 2262 ἀπράγμοσιν
978 2226 1051 2263 ὑμῶν
1069 2225 1232 2261 ἀντωμοσίας
1248 2227 1293 2251 καὶ
1310 2224 1473 2262 προσκλήσεις
1489 2227 1533 2251 καὶ
1544 2227 1688 2260 μαρτυρίας
1700 2224 1865 2257 συνεκόλλων,

310 2273 331 2299 ii
350 2273 404 2299 dici
424 2273 550 2299 videntur
568 2272 614 2305 qni
633 2272 721 2298 litium
739 2273 821 2299 rudes
840 2278 869 2299 et
887 2280 1030 2298 causarum
1049 2273 1218 2306 agendarum
1236 2272 1354 2305 imperiti
1368 2276 1444 2304 sunt3
1464 2272 1511 2298 sed
1523 2271 1633 2305 quaein
1646 2272 1713 2299 Nub.
1727 2272 1792 2298 100⁷
1806 2272 1864 2298 lau-

312 2320 394 2347 datur
419 2318 608 2356 ιὲπραγμοσύνη
628 2319 742 2346 otiosam
762 2319 846 2346 vitam
865 2319 956 2353 potius
976 2319 1119 2354 designat3
1143 2327 1193 2346 nec
1211 2319 1405 2353 negligendum
1425 2323 1468 2347 est
1486 2327 1538 2353 quo
1556 2327 1607 2346 usu
1625 2318 1795 2353 Thucydides
1813 2319 1864 2346 hoc

310 2376 407 2395 nomen
426 2367 558 2401 posuerit,
580 2368 654 2394 velut
671 2375 692 2393 11
703 2368 738 2395 40
750 2368 795 2393 οὐκ
808 2362 968 2403 &undifluum
980 2367 1033 2394 ἀλλ’
1044 2367 1151 2403 ἀχρεῖον
1162 2367 1294 2394 Classem)
1313 2367 1463 2400 interprete
1476 2371 1526 2393 aut
1537 2368 1571 2393 64
1584 2368 1661 2393 ταῦτα
1673 2367 1686 2393 ὃ
1699 2368 1749 2403 μὲν
1760 2365 1863 2403 ἀπράγ-

308 2426 368 2451 μων
385 2418 514 2451 μέμψαιτ’
527 2415 568 2446 ἇν,
587 2415 600 2440 ὁ
620 2416 648 2441 δὲ
667 2416 733 2449 δρᾶν
751 2425 773 2441 τι
790 2413 954 2450 βουλόμενος.
1215 2418 1219 2420 ’
