2118 2784
970 192 990 224 5

206 278 334 310 tiuntur.
372 278 455 310 Nam
476 278 537 311 etsi
559 283 682 321 poterat
702 279 812 312 Nicias
833 278 967 311 fortasse
988 279 1033 311 ita
1056 278 1168 320 dicere,
1187 278 1341 325 ‘invenias
1364 285 1397 311 ιιι
1419 280 1555 312 salutare
1570 279 1700 322 aliquid,
1717 284 1750 311 nt

205 345 263 375 ego
285 345 325 366 ne
347 334 477 367 debeam
501 333 660 376 pugnare’‚
684 341 788 368 tamen
811 341 914 367 utrum
936 335 988 367 hic
1009 347 1049 367 an
1069 336 1149 367 alter
1163 336 1250 377 prius
1265 336 1373 367 efferat
1387 336 1470 377 quod
1485 336 1589 376 sentit,
1607 336 1646 368 ad
1663 346 1749 377 proe-

204 389 302 422 liandi
329 391 547 423 necessitatem
574 390 653 422 nihil
679 391 802 423 attinet.
847 390 965 422 Verum
992 391 1019 423 si
1044 391 1123 423 haec
1144 396 1227 423 tecta
1249 391 1358 423 Niciae
1381 392 1568 433 significatio
1591 397 1656 424 tam
1678 403 1749 423 con·

205 436 311 488 staret,
338 458 432 489 quam
454 447 557 480 aliena
578 453 635 488 est,
658 452 762 480 tamen
785 448 872 490 prius
894 448 990 480 verba
1011 459 1068 480 suo
1089 448 1215 490 proprio
1237 458 1331 480 sensu
1349 453 1433 480 recte
1447 453 1678 491 componantur
1696 459 1749 480 ne·

205 513 292 535 cesse
314 508 371 543 est,
395 503 429 534 id
449 503 533 545 qnod
555 503 696 535 videmus
718 504 839 536 abesse.
877 503 986 545 Itaque
1009 505 1040 535 in
1057 504 1117 542 his,
1134 504 1193 535 etsi
1208 515 1300 535 nemo
1315 504 1467 545 probavit,
1483 505 1576 536 nobis
1591 515 1666 536 vera
1680 504 1749 536 visa

204 563 253 590 est
273 556 403 601 Sauppii
425 559 649 601 interpretatio,
672 559 750 592 haec
772 560 869 592 verba
889 563 942 591 ἴνα
963 559 1005 602 μὴ
1024 558 1173 602 μάχωμαι
1188 571 1207 591 a
1221 560 1412 601 praegressis
1428 561 1601 602 separantis
1617 561 1648 592 in
1666 560 1749 592 hunc

203 614 377 656 modum’),
404 621 439 647 ut
464 616 608 648 incitanti
634 615 840 648 Demostheni
866 615 905 648 σι)
929 617 988 657 μὲν
1013 615 1071 648 οὖν
1092 628 1146 657 μοι
1168 617 1238 655 λέγε
1258 616 1367 648 Nicias
1388 616 1584 658 respondeat,
1611 628 1645 649 se
1668 617 1748 649 velle

204 670 307 703 dicero
329 682 369 703 ne
391 671 523 703 rixetur:
547 675 601 704 tva
621 671 663 713 μὴ
684 671 834 714 μάχωμαι
857 672 924 704 scil.
941 673 1030 711 λέξω.
1067 671 1170 711 Quem
1193 683 1310 704 morem
1334 672 1482 714 loquendi
1497 671 1653 715 Sauppins
1674 684 1748 705 con·

202 728 340 760 fimavit
361 728 512 769 exemplis
535 727 707 760 Platonicis
730 728 816 760 velut
837 728 876 760 de
891 727 1021 770 Gratylo
1044 733 1097 760 ἵνα
1118 728 1160 770 μὴ
1179 728 1370 769 μαχώμεθα,
1392 726 1544 766 ἀπόδεξαι
1558 741 1619 770 μου
1634 729 1652 761 ὃ
1666 731 1746 769 λέγω

204 789 235 815 et
255 784 290 816 in
312 783 486 826 Republica
506 784 583 816 ἔστω
605 788 658 816 ἵνα
680 794 729 817 σοι
749 784 791 826 μὴ
813 784 1025 826 διαφέρωμαις
1052 795 1150 826 eaque
1177 785 1226 816 vis
1252 785 1419 816 verborum
1441 785 1473 816 in
1496 784 1556 816 hoc
1577 785 1746 817 rixantium

202 839 388 871 famulorum
415 851 558 872 sermone
584 851 621 872 eo
646 840 770 872 facilius
792 840 926 882 intelligi
948 845 1081 882 poterat,
1110 841 1184 882 quia
1210 841 1340 872 verbum
1364 839 1526 881 μάχεσθαι
1552 846 1586 872 ιιι
1611 841 1747 873 diximus

203 907 264 927 non
292 896 416 938 saepius
443 896 482 928 de
507 896 603 928 armis
629 907 723 938 quam
746 896 785 928 do
807 897 912 928 verbis
934 897 1009 938 poni
1031 897 1120 928 solet.
1157 896 1241 928 Illud
1263 907 1386 938 quoque
1404 894 1561 938 Sauppius
1583 898 1680 939 probe
1702 898 1747 929 in·

203 952 332 992 tellexit,
360 963 440 994 quae
467 952 673 994 insequuntur
699 953 795 985 verba
815 952 862 994 μοὶ
884 952 939 985 τὸν
952 951 1098 985 :tranium
1121 952 1174 991 ’γῶ
1195 953 1254 993 μὲν
1276 952 1314 984 οὔ
1336 964 1398 984 non
1421 953 1644 985 Demosthenis
1666 964 1746 994 esse,

203 1009 289 1040 cuius
312 1008 472 1049 ingenium
494 1008 622 1050 respuit,
646 1008 702 1040 sed
724 1009 774 1040 cui
796 1009 830 1040 in
851 1008 942 1040 libris
963 1009 1150 1050 tribuuntur,
1173 1009 1298 1049 Niciae3
1321 1009 1424 1050 iisque
1445 1009 1537 1040 tertio
1552 1008 1621 1040 loco
1636 1009 1747 1041 adhae-

199 1076 322 1097 rescere
343 1065 440 1097 verba
461 1064 632 1106 Euripiden
653 1066 719 1101 πῶς
741 1065 783 1097 ἂν
805 1064 843 1098 σύ
863 1077 917 1107 μοι
939 1065 1069 1104 λέξειας,
1092 1066 1132 1097 ab
1155 1065 1264 1097 eodem
1280 1065 1372 1097 Nicia
1392 1066 1426 1096 in
1449 1076 1538 1097 suam
1560 1066 1747 1098 sententiam

200 1133 359 1154 conversa.
394 1120 458 1153 Sed
481 1127 515 1153 ut
537 1121 614 1154 haec
635 1126 718 1153 recte
741 1126 927 1162 statuuntur,
951 1123 996 1154 ita
1010 1121 1167 1164 Sauppius
1190 1133 1259 1153 cum
1280 1127 1311 1153 et
1331 1122 1398 1164 ipse
1417 1122 1450 1153 in
1471 1121 1521 1154 his
1539 1122 1643 1154 inesse
1661 1127 1749 1163 putet

201 1178 284 1220 quod
300 1178 409 1210 Niciae
431 1178 577 1210 inertiam
597 1178 734 1210 ludibrio
756 1183 866 1219 tangat
886 1190 906 1210 a
924 1190 999 1210 vera
1017 1179 1174 1210 sententia
1187 1179 1280 1210 nobis
1295 1178 1421 1220 quidem
1435 1177 1559 1209 videtur
1573 1178 1746 1210 deflexisse.

200 1234 311 1276 Itaque
338 1245 395 1267 nos
423 1239 565 1267 nostrum
590 1234 817 1277 interpretandi
843 1235 903 1266 iter
928 1235 1152 1277 persequimur.
1197 1234 1324 1266 Etenim
1346 1234 1465 1275 Nicias,
1488 1239 1690 1277 posteaquam
1714 1246 1747 1267 se

203 1291 283 1322 velle
311 1291 414 1322 dicere
441 1291 524 1332 quod
546 1290 662 1322 habeat
683 1291 716 1322 in
739 1296 843 1322 mente
865 1291 967 1322 fassus
991 1297 1049 1329 est,
1072 1302 1142 1322 cum
1165 1291 1198 1322 in
1221 1302 1258 1322 eo
1281 1296 1329 1321 est
1356 1297 1389 1321 nt
1410 1296 1541 1332 promat,
1569 1296 1653 1322 metu
1681 1302 1747 1322 cor-

200 1351 308 1389 reptus
329 1357 436 1378 rursus
460 1357 493 1378 se
516 1351 610 1388 negat
631 1357 700 1378 esse
723 1346 887 1386 dicturum,
910 1346 956 1388 μὰ
978 1345 1033 1378 τὸν
1047 1344 1192 1378 Ἀπόλλω
1214 1345 1267 1386 'ru'
1290 1347 1348 1388 μὲν
1371 1346 1422 1378 οὒε
1445 1357 1525 1389 quae
1547 1347 1644 1378 verba
1664 1346 1743 1379 falso

201 1404 404 1445 accipiuntur,
430 1404 456 1435 si
477 1404 556 1444 quis,
574 1409 608 1434 nt
622 1404 690 1444 ipse
705 1403 870 1444 Sanppins,
886 1414 927 1434 ex
940 1404 1087 1444 μάχωμαι
1102 1404 1200 1444 repeti
1214 1414 1307 1444 posse
1322 1403 1404 1444 quod
1420 1403 1483 1434 illis
1500 1403 1632 1434 addatur
1647 1409 1745 1444 putat,

201 1459 289 1501 quasi
313 1459 397 1490 dicat
419 1462 601 1500 personatus
624 1458 732 1490 Nicias
754 1458 798 1500 μά
822 1456 1033 1490 τὸνἌπόλλω
1055 1458 1115 1497 ἐγῶ
1137 1459 1195 1500 μὲν
1217 1456 1254 1490 οὗ
1274 1459 1444 1500 μαχοῦμαι.
1482 1457 1545 1490 Sed
1573 1464 1608 1490 ut
1629 1458 1669 1490 ad
1692 1459 1747 1490 illa

201 1520 254 1547 ἵνα
280 1514 322 1557 μὴ
349 1514 497 1556 μάχωμαι
519 1526 558 1546 ex
579 1515 668 1547 iussu
694 1514 732 1547 σὺ
751 1515 809 1556 μὲν
831 1513 888 1547 οὖν
908 1527 962 1556 μοι
984 1515 1052 1553 λέγε
1074 1515 1270 1556 cogitabatur
1284 1516 1374 1553 λέξω,
1397 1515 1443 1546 sic
1465 1515 1504 1546 ad
1528 1515 1605 1546 haec
1626 1514 1672 1556 μὰ
1693 1514 1748 1547 τὸν

194 1569 340 1603 'lindum
364 1572 416 1609 ’νώ
438 1571 496 1611 μὲν
518 1569 565 1610 οἴ),
588 1581 668 1611 quae
691 1571 878 1601 contrariam
901 1571 964 1602 illis
980 1571 1168 1602 sententiam
1184 1571 1355 1608 continent,
1373 1570 1497 1601 dicendi
1513 1571 1643 1602 verbum
1658 1571 1746 1602 audi-

201 1627 315 1658 endum
338 1631 387 1658 est
407 1626 453 1667 μὰ
475 1639 500 1658 τ.
516 1631 559 1659 Α.
575 1625 635 1665 ἐγώ
658 1627 716 1667 μὲν
737 1624 775 1658 οὗ
797 1626 886 1664 λέξω.
930 1626 1076 1668 Denique
1098 1626 1208 1658 eodem
1236 1637 1328 1658 cursu
1351 1626 1498 1667 loquendi
1520 1626 1630 1659 Nicias
1651 1627 1749 1658 verba

200 1683 339 1714 adnectit
365 1694 404 1714 ex
431 1682 593 1724 Euripidis
619 1681 793 1724 Hippolyto
821 1682 1011 1724 deprompta,
1040 1683 1106 1719 πῦς
1131 1682 1173 1714 ἂν
1199 1681 1237 1714 σύ
1258 1693 1312 1723 μοι
1333 1683 1452 1720 λέξειας
1474 1680 1535 1722 ἁμὲ
1556 1682 1614 1723 χρὴ
1635 1683 1747 1721 λέγειν,

200 1750 280 1781 qnae
302 1739 366 1770 iam
387 1744 517 1781 apparet
537 1738 600 1770 nisi
622 1737 695 1770 huic
716 1738 785 1770 loco
807 1749 871 1770 non
893 1738 1129 1770 accommodata
1147 1749 1226 1770 esse.
1260 1737 1306 1770 Ut
1320 1739 1403 1770 enim
1418 1737 1562 1770 Phaedra
1577 1738 1747 1781 Euripiden

201 1796 286 1837 cupit
311 1795 367 1827 illa
391 1795 517 1838 quidem
547 1795 650 1826 dicere
676 1805 738 1836 quo
765 1795 848 1826 malo
875 1800 1042 1836 prematur,
1070 1795 1125 1827 sed
1153 1806 1224 1826 cum
1250 1795 1313 1826 iam
1336 1795 1458 1826 dictura
1479 1801 1536 1835 est,
1565 1800 1689 1827 veretur
1709 1807 1746 1826 ac

199 1852 422 1893 tergiversatur
447 1856 479 1882 et
505 1851 594 1882 malit
620 1861 639 1882 a
665 1851 786 1882 nutrice
813 1850 945 1893 proferri
967 1850 1050 1893 quod
1073 1851 1142 1893 ipsa
1163 1850 1275 1893 prodat
1296 1856 1428 1893 oportet,
1457 1851 1503 1882 sic
1524 1851 1632 1883 Nicias
1654 1851 1746 1883 alter-

199 1909 332 1940 cationis
359 1907 523 1940 evitandae
551 1918 646 1939 causa
671 1913 798 1949 paratus
824 1913 892 1939 erat
914 1908 1026 1948 dicere,
1051 1907 1124 1939 dein
1145 1913 1231 1939 metu
1252 1907 1443 1949 impediente
1471 1908 1531 1939 hoc
1552 1919 1572 1939 a
1594 1918 1628 1939 se
1650 1908 1744 1949 impe-

199 1969 282 1995 trare
304 1975 368 1995 non
390 1968 494 2004 potest
516 1968 547 1994 et
569 1963 669 2003 magis
696 1963 827 1994 alterum
854 1963 942 2004 cupit
963 1963 1076 2004 eloqui,
1100 1963 1167 2004 ipse
1190 1962 1273 2004 quod
1297 1963 1402 1994 sentit.
1446 1963 1488 1994 Et
1510 1963 1550 1994 ad
1573 1963 1655 1994 hunc
1678 1974 1743 1994 ver-

202 2030 272 2051 sum
294 2019 459 2061 praecipue
482 2022 514 2050 et
527 2018 612 2050 illam
635 2018 746 2050 Niciae
769 2018 967 2049 vacillantem
989 2018 1104 2049 mentis
1127 2017 1342 2049 condicionem
1366 2028 1458 2059 quam
1476 2018 1607 2050 dicimus
1622 2019 1745 2059 egregie

199 2076 373 2117 applicatur
395 2074 616 2106 Demosthenis
638 2084 823 2115 responsum
844 2071 915 2113 (15)
937 2071 1007 2105 ἀλλ’
1029 2073 1097 2104 εἰπὲ
1111 2074 1257 2113 θαρρῶν,
1278 2075 1345 2105 εἶτα
1361 2072 1447 2112 mirei
1465 2075 1513 2105 σοὶ
1528 2074 1650 2115 φράσω.
1680 2073 1744 2113 Qui

199 2131 282 2173 quod
304 2141 388 2163 nune
410 2130 614 2172 Euripideum
637 2140 761 2161 versum
783 2139 853 2161 esse
874 2139 936 2160 non
959 2128 1101 2169 attendit,
1126 2139 1196 2160 cum
1219 2129 1311 2170 paulo
1334 2134 1406 2170 post
1420 2126 1463 2170 (v.
1483 2129 1532 2161 18.
1551 2130 1604 2168 19)
1620 2130 1742 2162 Niciam

199 2187 238 2219 ob
261 2187 423 2229 Euripidis
445 2187 636 2219 mentionem
651 2186 764 2218 factam
779 2186 928 2227 increpet,
944 2185 1024 2217 nihil
1038 2190 1087 2217 est
1100 2184 1184 2226 quod
1202 2184 1358 2225 legentem
1373 2185 1524 2217 offendat:
1548 2197 1620 2218 nam
1635 2186 1744 2218 Nicias

199 2254 293 2285 quam
316 2243 503 2275 sententiam
526 2243 592 2274 suis
614 2242 718 2274 verbis
740 2242 913 2284 exprimere
927 2246 1059 2283 poterat,
1074 2241 1185 2272 maluit
1199 2240 1369 2281 Euripideo
1388 2252 1477 2272 versu
1493 2241 1610 2282 efferre,
1628 2243 1743 2284 quippe

352 2333 379 2365 ⁸¹)
397 2332 480 2359 Posse
498 2332 565 2359 haec
582 2339 664 2359 unum
682 2331 852 2359 enuntiatum
870 2331 988 2363 efficere,
1001 2330 1032 2358 σὺ
1042 2332 1093 2366 μὲν
1104 2328 1150 2358 οὖν
1161 2315 1208 2366 μοι
1219 2332 1284 2365 λέγε,
1298 2333 1341 2357 ἵνα
1352 2330 1390 2365 μὴ
1400 2329 1539 2367 μάχωμαι,
1551 2339 1604 2358 non
1617 2335 1745 2365 negatur,

198 2380 267 2405 conf.
280 2379 398 2406 Acharn.
409 2380 457 2406 111
477 2378 580 2414 φράσον
598 2380 657 2414 ἐμοὶ
673 2379 763 2413 σαφῶς
779 2380 824 2405 ἵνα
840 2377 878 2414 μή
893 2387 921 2405 σε
937 2377 1025 2412 ῥάψαι,
1044 2378 1092 2404 sed
1109 2378 1160 2404 hoc
1171 2385 1242 2404 nnnc
1254 2378 1392 2404 sententia
1404 2386 1458 2404 non
1470 2377 1589 2411 petitum
1603 2381 1633 2405 et
1644 2381 1689 2405 tra
1701 2379 1745 2405 vel

197 2430 242 2455 rra
258 2424 297 2460 μό
313 2433 348 2452 ex
364 2425 496 2460 cogitato,
515 2433 568 2453 non
585 2425 676 2460 posito
694 2425 776 2453 verbo
797 2424 916 2459 pendere
932 2432 1021 2458 posse,
1040 2424 1121 2451 docet
1139 2424 1188 2451 Av.
1200 2424 1252 2451 355
1262 2420 1333 2455 οὗης
1352 2425 1382 2450 οὔ
1393 2426 1491 2460 μενεῖς-ς
1509 2429 1562 2451 Er.
1582 2427 1614 2451 ἵν·
1629 2424 1677 2452 ὕπὸ
1691 2424 1746 2452 πό-

197 2482 248 2499 των
266 2473 432 2509 διαφορηθῶ·
