2118 2784
1013 139 1052 170 17

263 221 319 254 sed
347 222 536 254 contrarium
563 222 814 265 respondendnm
840 223 946 264 fuisse,
965 221 1040 255 ‘non
1067 224 1144 255 mihi
1171 223 1210 256 de
1237 224 1373 266 potando
1395 225 1506 265 agitur,
1535 224 1591 256 sed
1619 224 1651 255 id
1674 234 1748 255 curo
1771 229 1805 254 ut

263 278 381 319 aliquid
404 278 487 320 quod
509 289 567 310 nos
589 279 675 310 iuvet
696 277 987 311 comminiscamur?
1015 281 1060 311 At
1082 290 1155 311 vero
1176 280 1240 311 illis
1263 280 1383 324 duobus
1407 281 1559 320 versibus,
1584 280 1638 321 qui
1653 280 1716 311 nisi
1732 290 1803 311 cum

263 333 448 365 detrimento
471 335 644 365 sententiae
665 334 770 365 dirimi
792 346 854 366 non
877 339 1016 376 possunt,
1040 335 1067 366 si
1089 335 1198 366 Niciae
1220 335 1294 366 item
1318 336 1378 366 duo
1400 336 1608 367 subiiciuntur
1629 336 1681 367 87.
1705 335 1748 367 88

287 379 292 387 ”
620 389 690 423 ἰδού
710 391 738 429 γ’
760 389 909 432 ἄκρατον·
933 391 1003 432 περὶ
1026 391 1122 423 ποτοῦ
1142 391 1219 430 γοῦν
1240 391 1303 422 ἐστὶ
1324 400 1382 423 σοι.

621 447 686 483 πῦς
708 446 738 477 δ’
759 447 800 478 ἂν
820 446 950 488 μεθύων
970 446 1100 489 χρηστόν
1121 458 1149 478 ιι
1168 445 1359 487 βουλεύσαιτ’
1376 445 1463 488 ἀνήρ.

263 501 397 542 primum
420 501 604 541 intelligitur
625 503 695 541 περὶ
717 500 849 544 πουοῦ*)
868 504 946 542 γοῦν
966 504 1029 534 ἐστί
1050 513 1099 535 σοι
1120 513 1183 534 non
1205 503 1487 543 interrogationem,
1510 503 1593 544 quod
1613 503 1688 534 olim
1705 502 1803 534 credi-

262 556 382 597 derunt,
406 557 461 588 sed
484 558 746 589 asseverationem
768 569 847 599 esse,
872 558 905 589 in
929 569 1026 600 eaque
1049 559 1190 590 oratione
1215 559 1293 596 γοῦν
1318 558 1500 599 particulam
1526 570 1615 590 suum
1643 558 1801 600 proprium

261 617 293 644 et
307 612 467 654 vulgarem
482 613 693 654 significatum
715 613 840 645 habere.
879 612 959 646 Cum
975 615 1060 646 enim
1074 614 1304 646 Demosthenes
1325 614 1386 645 duo
1401 615 1546 655 posuerit,
1563 615 1668 646 vinum
1684 619 1800 656 potare,

261 668 316 699 sed
344 679 381 700 eo
408 669 540 700 consilio
562 674 597 700 ut
618 669 753 701 salutare
775 670 894 711 aliquid
917 671 1103 711 excogitent,
1132 670 1173 702 ad
1195 670 1257 701 duo
1284 670 1453 711 respondet
1474 670 1588 709 Nicias,
1618 676 1651 701 ut
1673 670 1800 711 potandi

261 723 408 765 quidem
431 724 576 766 cupidine
598 736 669 757 eum
692 724 764 756 duci
786 735 820 756 se
844 725 948 756 videre
969 725 1063 762 dicat,
1085 726 1217 757 alterum
1232 731 1337 757 autem
1352 725 1435 766 qnod
1452 725 1582 756 voluerit
1596 727 1648 767 qui
1664 725 1801 767 potando

260 779 342 812 effici
364 781 465 822 possit
487 780 638 813 dubitare.
683 780 779 812 Velut
800 779 998 823 Strepsiades
1019 781 1052 813 in
1074 781 1220 813 Nubibus
1244 781 1282 812 de
1304 781 1369 812 filio
1392 778 1483 821 (884)

619 837 703 873 ὅπως
725 837 754 868 δ’
767 837 873 868 ἐκείνου
895 835 937 868 τοό
959 836 1042 875 λόγω
1063 836 1250 877 μαθήσεται,

620 889 675 924 ‘triv
695 893 837 932 κρείττον’
859 891 941 929 ὅστις
961 893 1023 923 ἐπὶ
1045 893 1098 923 καὶ
1119 891 1173 923 τὸν
1193 891 1316 932 ἥττονα,

619 946 675 980 ἐὰν
697 948 732 980 δὲ
752 947 806 990 μή,
828 946 882 980 τὸν
901 948 992 988 γοῦν
1014 947 1124 980 ἄδικον
1144 946 1228 990 παίσῃ
1248 950 1345 990 τέχνῃ.

258 1002 309 1034 Ita
323 1003 430 1034 Nicias
446 1004 516 1044 περὶ
530 1004 626 1035 ποτοῦ
642 1005 730 1042 γοὶν
750 1005 813 1036 ἐπί
834 1014 892 1044 σοι,
914 1006 943 1036 εἰ
959 1004 1001 1045 μὴ
1014 1004 1111 1036 ἄλλον
1125 1003 1207 1040 τινός
1221 1004 1251 1035 h.
1268 1014 1294 1035 e.
1310 1004 1364 1036 τοῦ
1377 1002 1503 1044 χρησνόν
1517 1015 1544 1034 ιι
1557 1002 1799 1043 βουλεύσασθαι.

260 1057 380 1097 Quodsi
403 1069 477 1090 vero
500 1058 590 1090 huius
613 1060 784 1101 particulae
805 1059 886 1091 ratio
908 1060 970 1091 nisi
993 1059 1052 1091 hoc
1074 1059 1167 1091 modo
1182 1063 1325 1090 constare
1339 1070 1402 1090 non
1417 1063 1530 1100 potest,
1552 1059 1727 1090 necessario
1742 1059 1801 1090 hoc

258 1114 375 1145 indicio
398 1115 562 1155 colligitur,
591 1115 651 1147 duo
677 1116 897 1156 praecessisse,
926 1126 1057 1157 quorum
1084 1115 1264 1147 conceditur
1286 1115 1426 1155 alterum,
1454 1115 1587 1146 alterum
1608 1120 1747 1155 negatur,
1770 1121 1802 1146 et

259 1180 366 1201 verum
388 1180 457 1201 esse
479 1180 572 1211 quem
594 1170 667 1202 libri
689 1170 857 1202 ostendunt
879 1171 1103 1202 versiculorum
1126 1170 1276 1202 ordinem.
1316 1170 1397 1201 Nam
1414 1170 1516 1211 ipsam
1531 1171 1716 1202 sententiam
1732 1172 1801 1210 περὶ

259 1227 355 1257 ποτοῦ
376 1226 453 1264 γοῦν
474 1227 537 1258 ἐστί
558 1235 606 1258 σοι
628 1238 740 1258 nomen
765 1238 827 1258 non
851 1226 1036 1267 desiderare,
1064 1226 1149 1258 velut
1170 1226 1347 1258 Meinekins
1370 1227 1439 1266 περὶ
1461 1225 1557 1258 πότον
1578 1227 1650 1262 νοῦς
1672 1226 1736 1258 ἔστί
1753 1236 1801 1258 σοι

258 1281 377 1321 maluit,
401 1282 478 1312 satis
501 1287 623 1313 constat
644 1282 813 1323 multisque
835 1283 986 1323 exemplis
1008 1282 1169 1323 Blaydesii
1192 1282 1324 1313 eruditio
1347 1280 1400 1321 (ad
1415 1281 1445 1312 h.
1462 1280 1498 1321 l.)
1519 1282 1672 1322 probavit.

411 1337 518 1369 Unum
539 1342 646 1375 restat,
669 1338 752 1380 quod
779 1338 838 1370 etsi
860 1349 952 1370 nemo
975 1339 1178 1380 interpretum
1200 1338 1295 1370 verbo
1318 1338 1428 1379 tetigit,
1453 1342 1556 1369 tamen
1581 1337 1730 1369 credibile
1752 1342 1800 1368 est

258 1405 351 1425 unam
374 1404 413 1425 ex
436 1394 537 1426 causis
560 1395 681 1426 traiecti
706 1406 812 1426 versus
835 1394 940 1426 fuisse.
982 1395 1109 1427 Etenim
1132 1394 1159 1426 si
1182 1394 1372 1426 Meinekium
1396 1394 1555 1436 sequimur
1577 1399 1608 1425 et
1630 1405 1738 1425 versus
1756 1394 1800 1425 ita

257 1449 446 1490 ordinamus,

531 1513 584 1535 AB.
619 1506 664 1547 μὰ
687 1507 734 1538 Δί’
757 1504 824 1538 ἀλλ’
847 1505 1011 1547 ἄκρατον
1033 1507 1119 1538 οἶνον
1141 1504 1271 1544 α’γαθοῦ
1291 1505 1450 1545 δαίμονος.

536 1569 580 1591 m.
616 1561 702 1594 ἰδού
723 1564 750 1600 r'
773 1562 945 1602 ἄκρατον.
967 1564 1038 1602 περὶ
1060 1563 1157 1593 ποτοῦ
1176 1563 1253 1600 γοῦν
1274 1562 1338 1593 ἐστί
1359 1571 1417 1593 σοι.

530 1624 583 1647 ΛΠ.
617 1620 690 1654 ἴσως
711 1617 772 1659 γὰρ
794 1618 835 1650 ἂν
856 1617 1013 1660 χρηστόν
1034 1630 1067 1649 τι
1088 1616 1407 1658 βουλευσαίμεθα.

537 1681 582 1702 NI·
618 1675 684 1710 πῶς
706 1674 789 1706 δ’ἆν
809 1673 941 1715 μεθύων
962 1673 1118 1715 χρηστόν
1139 1685 1171 1705 τι
1192 1672 1422 1714 βουλεύσαιτ’
1445 1671 1551 1713 ἇνήρς

257 1739 319 1760 non
343 1729 444 1760 solum
466 1729 594 1771 χρηστόν
616 1742 644 1761 τι
664 1730 918 1771 βουλευσαίμεθα
940 1740 1032 1761 versu
1055 1730 1196 1771 proximo
1218 1729 1331 1761 iisdem
1346 1729 1452 1760 verbis
1467 1729 1630 1770 excipitur,
1647 1728 1700 1759 sed
1717 1728 1799 1769 quod

257 1785 383 1826 gravius
405 1790 462 1826 est,
486 1785 556 1818 ἰδού
576 1788 604 1824 r'
619 1785 755 1826 ἄκρατον
777 1797 838 1828 quo
860 1786 1000 1826 refertur,
1023 1786 1057 1817 id
1079 1786 1165 1817 nullo
1187 1785 1352 1817 intervallo
1379 1785 1556 1816 antecessit.
1600 1784 1642 1815 Et
1666 1790 1715 1816 est
1740 1784 1799 1815 hoc

257 1852 333 1872 sane
356 1841 394 1872 de
413 1852 498 1873 more
518 1842 749 1883 Aristophanis,
774 1842 859 1873 velut
875 1841 1064 1883 Thesmoph.
1081 1842 1154 1874 205.
1170 1842 1233 1873 206
1248 1841 1388 1873 κλέπτειν
1403 1840 1598 1882 ὑφαρπάζειν
1613 1852 1644 1871 τε
1656 1865 1663 1871 .
1677 1865 1684 1871 .
1701 1839 1714 1880 ΙΙ
1730 1839 1799 1871 ἰδού

255 1908 291 1935 γε
311 1897 459 1929 κλέπτειν.
497 1897 580 1929 Nub.
598 1897 690 1929 1468.
709 1897 792 1929 1469
811 1899 957 1939 πατρῷον
971 1899 1044 1929 Δία.
1059 1895 1072 1937 ΙΙ
1088 1896 1160 1929 ἰδού
1176 1909 1212 1936 γε
1227 1899 1288 1929 Δία
1306 1897 1459 1939 πατρῷον.
1495 1895 1627 1937 Lysistr.
1643 1896 1716 1926 440.
1733 1896 1794 1926 441

256 1954 390 1994 ἐπιχεσεῖ
406 1952 608 1994 πατούμενος.
627 1951 640 1993 ΙΙ
660 1952 730 1985 ἰδού
750 1955 777 1992 γ’
792 1954 927 1992 ἐπιχεσεῖ
943 1958 974 1984 et
993 1963 1086 1994 saepe
1106 1952 1259 1984 similiter.
1297 1950 1358 1983 Sed
1379 1956 1482 1983 tamen
1498 1951 1669 1982 cavendum
1682 1956 1740 1991 est,
1756 1962 1797 1982 ne

256 2010 350 2041 nimis
366 2009 507 2050 angustis
521 2009 637 2041 finibus
653 2009 874 2050 Aristophanis
889 2009 1053 2041 libidinem
1069 2013 1100 2040 et
1114 2008 1290 2040 libertatem
1306 2008 1606 2047 circumscribamus,
1630 2008 1684 2048 qui
1703 2017 1796 2048 saepe

257 2077 296 2097 ne
318 2066 482 2097 interiecta
504 2065 629 2107 quidem
652 2065 733 2096 inter
754 2064 866 2107 parilia
887 2064 1010 2106 refugit.
1047 2063 1144 2096 Velut
1164 2063 1224 2095 hoc
1246 2064 1314 2105 ipso
1336 2063 1405 2095 loco
1428 2063 1479 2095 83.
1500 2063 1555 2102 853
1584 2068 1616 2094 et
1639 2063 1711 2095 160.
1735 2063 1795 2095 162

408 2177 435 2208 2)
452 2178 512 2212 περὶ
529 2175 607 2203 πόκου
622 2184 647 2203 v.
659 2176 701 2209 87,
717 2176 751 2211 τῷ
763 2177 800 2211 σῷ
817 2174 887 2211 πότῳ
904 2183 928 2202 v.
942 2175 974 2201 97
993 2174 1116 2201 scribunt
1133 2174 1166 2201 de
1184 2173 1279 2201 Kockii
1298 2176 1328 2200 st
1339 2173 1469 2200 Meinskii
1487 2173 1656 2205 conisctura;
1673 2181 1736 2200 nam
1748 2174 1797 2200 Za-

257 2224 376 2257 cherum,
394 2223 441 2257 qni
458 2224 493 2250 ad
510 2223 544 2250 87
562 2223 677 2250 adnotat
693 2222 780 2257 πότου]
799 2225 822 2249 Θ
839 2223 917 2249 ποτοῦ
934 2221 992 2248 BV
1002 2221 1068 2254 Pu,
1086 2221 1122 2247 ad
1138 2221 1172 2247 07
1189 2219 1259 2247 πᾰτω
1271 2221 1294 2247 Δ
1306 2222 1375 2255 ποιῷ
1386 2221 1484 2255 reliqui,
1501 2228 1555 2247 non
1574 2220 1754 2254 intelligimus
1772 2220 1796 2247 si

256 2271 299 2298 his
317 2270 482 2298 testimoniis
500 2271 560 2304 plus
578 2269 661 2297 tribui
678 2272 759 2303 putat
775 2277 855 2302 quam
871 2268 1002 2296 Heinskii
1018 2267 1149 2295 Kockiive
1167 2267 1328 2294 nominibus.
1354 2267 1407 2294 Sed
1425 2268 1590 2301 vulgabatur
1608 2270 1725 2300 utroque
1737 2268 1796 2293 loeo

256 2318 335 2347 ποιόν
352 2326 458 2353 nomeu,
476 2325 530 2346 non
548 2316 632 2352 πότος,
651 2320 679 2345 et
697 2317 719 2344 si
737 2316 765 2344 in
777 2317 858 2351 Vesp.
876 2315 976 2344 dicitur
995 2316 1062 2343 1392
1078 2313 1213 2353 πράγματ’
1225 2313 1258 2341 αὖ
1274 2316 1312 2342 &i
1327 2316 1372 2341 καὶ
1384 2315 1457 2345 ἄκας
1467 2317 1535 2350 ἔχειν
1547 2314 1590 2342 διὰ
1603 2314 1648 2341 τὸν
1659 2314 1705 2342 οὖν
1716 2317 1798 2348 οἶνον,

255 2374 309 2393 non
326 2369 403 2393 reete
422 2366 475 2392 diei
497 2369 624 2399 putamus
641 2368 665 2391 τί
681 2368 742 2392 ποθ’
754 2365 822 2400 ἡμᾶς
839 2363 943 2401 ἐργάσει
959 2364 993 2399 τῷ
1012 2363 1049 2399 σῷ
1065 2364 1163 2399 norst?
1185 2366 1234 2390 aut
1256 2363 1280 2389 si
1298 2363 1378 2389 Plato
1400 2362 1496 2389 scribit
1517 2363 1646 2395 (Πολιιιία
1668 2370 1699 2389 1v
1713 2363 1798 2395 438⁸)

257 2413 341 2444 οόὼὶς
356 2414 435 2440 ποτοῦ
452 2415 574 2449 ἐπιθυμεῖ
590 2411 655 2439 α’λλᾶ
670 2411 780 2448 χρηστοῦ
796 2411 881 2444 ποτοῦ,
899 2410 1034 2438 credimus
1051 2409 1120 2437 falso
1138 2409 1221 2436 scribi
1238 2411 1298 2444 περὶ
1314 2412 1392 2436 ποιοῦ
1408 2411 1460 2436 ἐστι’
1477 2412 1534 2436 ooo?

1575 2461 1591 2488 3
